2400 3824
411 192 447 245 M.
467 169 617 246 Terentius
634 191 722 247 Varro
771 169 774 176 ,
1009 195 1075 260 283

55 359 187 437 piscibus
215 360 339 434 habeat,
368 361 488 420 videtur
516 364 617 419 tamen
641 381 659 420 a
681 361 814 436 piscibus
843 358 924 422 dicta
952 367 1077 438 propter

57 468 175 526 aquam,
205 449 259 508 ubi
281 450 413 525 piscibus
436 449 501 509 vita
524 453 576 509 est.
622 451 667 509 ita
690 451 869 510 vocabulum
897 471 957 510 nou
979 455 1076 512 trans·

57 539 153 597 latum
177 537 382 613 similitudine,
412 540 463 598 sed
487 539 617 615 quadam
639 541 797 598 vicinitate
820 545 998 616 usurpatum
1022 545 1130 600 ostreo

57 628 138 704 quod
162 630 187 686 si
211 629 277 703 quis
300 627 382 686 dicat
403 629 537 686 homines
565 629 695 704 piscibus
718 629 829 688 similes
858 630 988 688 natando
1012 630 1076 688 fieri

55 719 89 775 et
107 715 176 775 inde
194 717 326 792 piscinae
345 736 452 775 nomen
471 736 535 777 esse
554 719 667 792 natum,
691 718 817 776 stultum
836 722 882 777 est
900 737 1076 796 repugnare,

58 825 124 864 cum
149 806 241 864 abre
265 809 402 865 neutrum
433 806 592 865 abhorreat
616 810 645 865 et
667 809 827 883 utrumque
851 808 954 866 lateat.
1000 808 1077 866 illud

56 897 157 952 tamen
181 894 255 953 bene
274 895 390 970 accidit,
414 895 496 970 quod
517 896 574 954 hoc
593 915 652 955 uno
676 897 810 972 exemplo
829 896 993 955 diiudicare
1016 897 1077 955 iam

58 1003 224 1060 possumus,
244 985 316 1060 quid
331 984 423 1043 distet
441 987 525 1062 origo
544 984 627 1044 verbi
644 1004 720 1061 quae
740 985 776 1044 de
795 987 951 1044 vicinitate
970 985 1076 1061 arripi·
1091 1003 1131 1044 rvo

57 1076 110 1131 tur
133 1072 170 1131 ab
194 1092 229 1132 ea
253 1092 330 1148 quae
354 1074 389 1131 de
413 1073 610 1132 similitudine
639 1074 766 1133 ducitur.
812 1074 881 1134 hinc
904 1075 986 1133 facta
1010 1095 1077 1151 pro·

58 1162 170 1240 gressio
190 1181 284 1238 usque
304 1163 342 1220 ad
361 1165 551 1222 contrarium.
589 1182 659 1221 nam
677 1163 761 1222 lucus
782 1182 816 1222 eo
835 1164 932 1223 dictus
951 1168 1078 1240 putatur

58 1251 138 1328 quod
161 1253 283 1309 minime
302 1251 412 1326 luceat,
435 1255 466 1309 et
488 1251 599 1310 bellum
620 1252 700 1327 quod
723 1271 770 1311 res
789 1252 869 1311 bella
892 1273 951 1311 non
975 1255 1023 1326 sit,
1047 1256 1078 1312 et

57 1339 186 1399 foederis
209 1360 317 1399 nornen
342 1340 421 1416 quod
443 1359 490 1400 res
512 1341 601 1400 foeda
623 1361 683 1400 non
707 1341 762 1415 sit3
790 1341 869 1416 quod
893 1341 919 1401 si
943 1360 960 1399 a
984 1342 1078 1400 foedi·

57 1431 121 1488 tate
144 1429 227 1505 porci
251 1429 364 1488 dictum
388 1432 440 1505 est,
464 1433 576 1490 utnon
600 1430 676 1488 nulli
695 1431 809 1504 volunt,
832 1430 911 1490 redit
934 1431 1019 1509 origo
1038 1432 1076 1490 ad
1091 1450 1130 1490 us

54 1518 143 1576 illam
170 1518 370 1592 vicinitatem,
403 1538 471 1577 cum
498 1519 530 1576 id
558 1519 637 1595 quod
665 1519 699 1577 fit
727 1518 764 1578 ab
793 1538 827 1578 eo
854 1539 908 1596 per
935 1521 1015 1596 quod
1042 1520 1077 1579 fit

58 1607 240 1666 nominatur.
286 1627 357 1666 nam
380 1607 439 1666 ista
463 1607 583 1666 omnino
610 1607 751 1682 vicinitas
779 1609 840 1668 late
864 1611 949 1684 patet
972 1613 1001 1667 et
1023 1627 1078 1684 per

56 1696 168 1754 multas
192 1700 293 1772 partes
317 1701 450 1770 secatur,
474 1700 527 1755 aut
550 1716 604 1772 per
622 1696 823 1771 efficientiam,
845 1701 880 1756 ut
903 1697 959 1757 hoc
977 1696 1080 1773 ipsum¹

56 1803 76 1842 a
91 1784 235 1844 foeditate
254 1785 337 1861 porci
356 1805 410 1862 por
429 1805 517 1860 quem
536 1786 639 1844 foedus
659 1785 798 1861 efficitur,
817 1790 870 1844 aut
891 1806 944 1862 per
963 1786 1077 1860 effecta,

55 1877 93 1931 ut
115 1877 221 1950 puteus
245 1874 326 1950 quod
350 1875 413 1934 eius
437 1875 572 1933 effectum
601 1874 718 1950 potatio
742 1879 787 1934 est
810 1875 942 1934 creditur
969 1875 1132 1949 diotus,1so

56 1967 111 2022 aut
133 1963 240 2038 perid
264 1983 324 2038 quo
348 1963 525 2038 continetur,
553 1967 589 2022 ut
612 1963 715 2023 urbem
739 1964 776 2022 ab
799 1964 869 2023 orbe
893 1964 1076 2040 appellatam

53 2053 171 2125 volunt,
203 2053 281 2127 quod
310 2052 467 2128 auspicato
495 2053 560 2112 loco
589 2055 690 2112 aratro
718 2053 900 2112 circumduci
924 2053 1009 2127 solet,
1034 2085 1075 2093 —

55 2144 112 2199 aut
138 2161 192 2216 per
219 2141 250 2200 id
278 2142 357 2216 quod
385 2141 529 2216 continet,
562 2145 596 2199 ut
624 2142 649 2201 si
677 2141 744 2218 quis
782 2142 923 2200 horreum
959 2144 1077 2201 mutate

55 2230 160 2288 littera
194 2229 323 2289 affirmet
356 2230 392 2289 ab
424 2231 535 2290 hordeo
565 2231 766 2303 nominatum,
794 2263 835 2273 -
870 2231 918 2290 vel
945 2249 963 2288 a
990 2234 1076 2307 parte

55 2322 164 2394 totum,
188 2322 222 2378 ut
245 2319 394 2378 mucronis
417 2320 546 2393 nomine,
573 2333 648 2395 quae
672 2338 787 2378 summa
809 2338 880 2395 pars
903 2319 998 2397 gladii
1022 2322 1130 2395 est,1ss

56 2407 192 2486 gladium
210 2426 359 2483 vocamus,
378 2410 425 2467 vel
445 2428 464 2467 a
481 2412 546 2469 toto
564 2428 634 2484 pars
653 2412 689 2467 ut
708 2409 834 2485 capillus
858 2408 944 2484 quasi
968 2409 1076 2485 capitis

55 2497 146 2573 pilus.
167 2529 208 2537 -
228 2497 459 2556 innumerabilia
478 2502 549 2556 sunt
567 2497 666 2571 verba,
691 2518 817 2573 quorum
840 2497 932 2574 origo,
956 2497 992 2555 de
1017 2517 1077 2573 qua

55 2586 136 2645 ratio
154 2587 238 2645 reddi
262 2587 365 2662 possit,
389 2591 442 2644 aut
465 2589 597 2659 nonest,
620 2588 655 2645 ut
678 2605 732 2664 ego
752 2585 890 2661 arbitror,
914 2589 968 2644 aut
991 2586 1075 2658 latet,

56 2678 93 2732 ut
116 2675 209 2735 Stoici
238 2676 429 2735 contendunt.
453 2708 496 2715 —
521 2675 588 2734 vide
611 2679 713 2733 tamen
741 2675 900 2751 paululum
928 2675 1075 2750 quomodo

55 2764 206 2840 perveniri
236 2768 346 2840 putant
369 2765 407 2822 ad
430 2764 484 2822 illa
511 2764 669 2823 verborum
699 2764 848 2823 cunabula
875 2763 924 2822 vel
951 2763 1075 2839 stirpem
1091 2784 1130 2824 roo

56 2854 158 2929 potius
183 2857 272 2929 atque
296 2853 370 2913 adeo
394 2856 567 2929 sementum,
592 2855 674 2912 ultra
698 2853 777 2928 quod
801 2852 907 2929 quaeri
930 2852 1076 2930 originem

56 2945 176 3018 vetant,
206 2961 260 3001 nec
283 2943 309 3001 si
333 2943 494 3019 quisquam
520 2942 595 3002 velit
616 2945 716 3018 potest
744 2942 906 3018 quicquam
933 2941 1075 3002 invenire.

56 3046 144 3090 nemo
169 3032 274 3090 abnuit
298 3031 443 3108 syllabas,
473 3031 505 3088 in
529 3031 637 3107 quibus
660 3052 681 3090 u
704 3031 807 3090 littera
834 3033 933 3091 locum
960 3031 1076 3090 obtinet

56 3120 260 3194 consonantis,
291 3124 325 3179 ut
353 3124 423 3180 sunt
449 3120 481 3178 in
508 3120 555 3180 his
579 3119 677 3179 verbis
704 3121 833 3196 primae:
863 3122 947 3180 vafer
974 3121 1075 3179 velum

55 3210 161 3268 vinum
191 3210 286 3268 vomis
317 3211 437 3283 vulnus,
468 3228 601 3269 crassum
628 3213 659 3268 et
687 3209 773 3285 quasi
802 3209 939 3268 validum
968 3228 1073 3268 sonum
1090 3228 1128 3268 ros

55 3299 152 3358 edere.
198 3298 277 3374 quod
307 3299 455 3375 approbat
485 3298 575 3358 etiam
606 3298 748 3374 loquendi
780 3298 974 3371 consuetudo,
1008 3317 1074 3357 cum

56 3388 92 3447 de
116 3387 294 3464 quibusdam
321 3388 419 3447 verbis
443 3406 492 3446 eas
517 3387 721 3448 subtrahimus
747 3406 787 3446 ne
814 3389 944 3447 onerent
968 3405 1090 3444 aurem.

48 3495 119 3532 nam
145 3476 221 3532 ande
243 3480 296 3548 est,
322 3477 402 3552 quod
427 3478 540 3540 amasti
566 3477 701 3541 dicimus
721 3478 880 3539 libentius
902 3494 1004 3552 uuum
1024 3485 1112 3527 ama-

38 3560 110 3615 visti
126 3563 159 3616 et
173 3563 257 3618 nosti
276 3583 368 3638 quam
388 3568 519 3649 novisti,
541 3576 578 3634 et
597 3572 693 3652 abiit,
711 3593 783 3634 uon
802 3568 923 3641 abivit,
941 3565 980 3621 et
990 3555 1144 3616 'mim‘
