2400 3824
410 173 448 229 M.
467 172 581 226 Verrius
599 172 716 228 Flaccus
1005 174 1068 238 521
1114 212 1117 219 .

542 344 587 402 27

123 485 247 525 amoena
269 467 335 524 loca
357 466 479 525 Verrius
499 467 622 526 Flaccus
646 466 726 525 diota
749 467 792 525 ait
815 485 849 525 eo
873 466 952 541 quod
975 468 1072 526 solum

56 575 187 614 amorem
210 558 362 630 praestent
385 560 415 614 et
439 556 475 613 ad
500 550 573 633 <se>
597 556 724 614 amanda
748 555 890 614 alliciant.

126 662 195 716 [did.
216 679 254 716 Or.
270 668 313 729 14,
333 668 361 729 8,
380 668 416 717 33
434 689 528 717 amoena
541 696 568 702 -
583 677 693 727 alliciant;
717 662 805 716 Varro
826 662 872 732 [fr.
892 663 966 733 413]Ι
994 665 1071 718 tiriu-

55 735 111 787 tias
133 734 216 787 Paul.
235 735 307 788 Fert.
327 751 357 802 p.
377 739 404 801 2,
424 741 441 788 9
464 750 581 788 amoena
605 735 682 787 dieta
706 736 771 787 sunt
793 733 868 800 loca,
892 749 965 802 quae
988 733 1072 788 adse

56 805 178 857 amanda
196 804 325 859 alliciant
343 804 373 858 id
393 809 435 860 est
452 806 576 859 trahant.

128 936 142 982 1
165 928 239 983 Verr.
254 930 307 1002 Fl]
322 930 410 984 Varro
430 938 454 985 ct
472 932 550 998 iufra
565 930 641 984 Verr.
658 930 698 983 Fl.
713 931 806 997 codd.;
823 929 870 983 sed
888 931 923 996 cf.
939 929 1011 984 Seru.
1027 947 1072 998 op.

58 1002 137 1056 Vurr.
157 1003 174 1055 l.
194 1019 215 1055 c.
307 1007 322 1053 2
341 1004 486 1070 praestent
504 1020 558 1072 up:
578 1003 725 1070 praestant
815 1019 843 1054 se
863 1002 926 1055 add.
946 1019 987 1072 op.

544 1199 589 1257 28

123 1340 213 1398 quam
236 1321 358 1381 Verrius
371 1311 506 1381 'Flaccus
530 1322 731 1398 Angeroniam
760 1322 819 1380 dici
846 1322 891 1380 ait
919 1322 998 1397 quod
1023 1341 1074 1381 an-

56 1429 142 1488 gores
167 1429 200 1470 ac
224 1411 438 1471 sollicitudines
463 1414 629 1470 animorum
652 1412 818 1487 propitiata
841 1411 980 1487 depellat.

129 1519 253 1574 Moerob.
269 1525 294 1584 1,
310 1524 353 1584 10,
369 1524 385 1572 7
400 1534 613 1582 uuam—doponau
643 1519 725 1573 Paul.
741 1520 813 1573 Fest.
826 1536 854 1588 p.
871 1523 962 1584 17,11
983 1519 1075 1588 Ange-

56 1605 142 1643 ronae
162 1591 230 1643 deae
250 1607 328 1643 sacra
346 1607 363 1642 a
382 1590 516 1643 Romanis
536 1589 668 1642 instituta
686 1591 764 1657 sunt,
787 1607 850 1643 cum
870 1590 975 1659 angina
994 1606 1074 1643 omne

57 1679 145 1731 genus
166 1661 329 1714 animalium
350 1663 572 1725 consumeretur,
592 1661 670 1715 cuius
694 1661 767 1714 festa
786 1660 976 1730 Angeronalia
1000 1661 1075 1715 dice-

57 1733 168 1785 bantur.
206 1735 240 1801 cf.
262 1734 349 1788 Varro
367 1734 400 1786 de
419 1733 435 1786 l,
456 1733 490 1786 L.
506 1737 532 1798 6,
546 1736 591 1786 23.
620 1733 652 1786 dc
671 1734 844 1788 collocatione
862 1733 896 1799 cf.
917 1739 973 1788 teet.
990 1738 1032 1787 10.

546 1930 590 1987 29

126 2053 249 2112 Vem'us
272 2053 397 2112 Flaccus
420 2054 589 2129 iuniperum
612 2055 748 2110 iuvenem
771 2055 870 2128 pirum
894 2052 975 2111 dicit.

131 2161 202 2216 Sero.
223 2161 299 2215 Dore.
320 2163 377 2214 buc.
400 2165 424 2227 7,
440 2164 476 2214 53
499 2175 591 2214 verrius
604 2192 631 2198 -
645 2174 706 2214 utcu.
733 2176 797 2213 vere
817 2161 911 2213 autem
930 2159 1075 2228 iuniperus

59 2235 102 2285 est
125 2232 206 2300 quasi
230 2231 334 2285 aculeis
360 2232 491 2300 praedita
516 2231 601 2285 bacas
627 2232 664 2284 ad
689 2231 795 2300 piperis
819 2230 942 2300 speciem
967 2247 1074 2301 gerens.

59 2306 93 2370 cf.
114 2304 182 2358 laid.
203 2321 241 2357 or.
257 2308 301 2370 17,
317 2308 342 2369 7,
357 2307 401 2358 35.

548 2439 590 2495 30

127 2561 268 2620 diaeresis
296 2563 342 2619 est
365 2562 501 2636 quotiens
529 2579 590 2618 una
618 2560 734 2635 syllaba
761 2562 793 2616 in
822 2559 895 2616 duas
923 2558 1077 2634 dividitur,

61 2652 227 2725 synaeresis
251 2652 296 2708 est
314 2669 329 2708 e
349 2652 497 2708 contrario
522 2651 658 2724 quotiens
682 2649 757 2706 duae
779 2647 913 2723 syllabae
935 2648 967 2704 in
986 2667 1077 2706 unam

60 2740 285 2797 contrahuntur.
322 2757 393 2796 nam
412 2739 552 2797 diaeresis
572 2741 617 2796 est
641 2731 734 2816 [Eun.
750 2756 819 2795 auu.
835 2739 877 2795 33
893 2729 954 2816 W]
975 2731 1078 2795 ‘Albai

60 2823 175 2906 longai’
199 2847 252 2904 pro
277 2847 310 2885 eo
335 2827 414 2903 quod
434 2831 478 2886 est
503 2823 609 2885 ‘Albae
628 2820 755 2904 longae',
780 2828 814 2884 ut
833 2828 878 2886 est
900 2826 978 2884 illud
997 2826 1076 2902 apud

60 2917 228 2993 Vergilium
244 2910 332 2995 [Aea.
344 2919 372 2984 9,
383 2910 456 2994 26]:
472 2911 565 2976 ‘dives
579 2917 672 2991 pictai
686 2917 777 2974 vestis
792 2917 822 2974 et
837 2910 922 2990 auri’,
939 2908 983 2994 [3,
997 2909 1075 2994 354]

62 3000 158 3064 ‘aulai
180 3007 277 3064 medio
297 3005 432 3064 libabant
454 3006 563 3081 pocula
581 2999 712 3063 Bacchi’:
736 3024 797 3063 una
815 3003 932 3079 syllaba
952 3005 984 3062 in
1004 3005 1077 3064 duas

61 3095 158 3153 divisa
182 3098 234 3153 est.
275 3095 366 3172 legite
389 3097 529 3153 Verrium
550 3095 691 3153 Flaccum
715 3097 745 3152 et
768 3092 911 3152 Catonem
936 3087 986 3172 [cf.
1013 3095 1076 3153 Vol.

60 3178 182 3262 froom]
208 3185 237 3241 et
259 3183 302 3241 ibi
324 3185 490 3243 invenietis.

134 3293 228 3361 Pomp.
253 3299 389 3346 courmcut.
413 3309 441 3359 p.
461 3296 526 3358 297,
544 3296 583 3346 28
606 3306 712 3346 murreus
731 3323 758 3330 —
778 3305 902 3344 invenietis.
939 3289 980 3343 ita
1004 3289 1078 3343 enim

61 3363 223 3416 scribebant
247 3363 367 3416 maiores
393 3362 596 3430 nostri-aulai,
623 3379 640 3414 a
666 3364 695 3415 et
720 3362 737 3415 i.
776 3363 808 3415 de
834 3363 990 3417 litteratura
1014 3363 1079 3414 baec

61 3441 141 3503 atque
165 3437 196 3488 ia
219 3435 288 3488 libro
311 3436 355 3488 Dc
382 3435 504 3489 obscuris
529 3434 641 3489 Catonis
667 3435 753 3500 sutem
779 3433 922 3499 videntum
951 3433 1079 3487 Catonem

60 3512 137 3572 cede,
160 3507 209 3574 qui
230 3508 312 3560 iustu
334 3507 459 3561 Verrium
484 3508 565 3574 quasi
586 3508 627 3560 rei
648 3507 842 3576 psammeticue
865 3510 961 3560 auctor
983 3518 1078 3557 oweno·

60 3583 150 3643 ratur,
169 3579 202 3632 P.
221 3578 360 3632 Valerium
378 3594 432 3632 eece
450 3579 498 3632 oia
515 3578 641 3632 credebile
659 3584 705 3632 est.
