2400 3824
103 181 144 243 12
422 180 628 236 Grammaticos
646 181 801 249 primordia

73 349 207 414 amissus
230 351 291 408 tres
314 349 422 409 liberos
445 352 478 408 in
502 350 594 408 Italia
621 352 799 426 procreavit,
828 349 986 408 Tiburtum
1011 349 1118 409 (loram

102 436 254 512 Catillum,
279 441 333 513 qni
353 438 484 514 depulsis
504 459 539 496 ex
558 439 667 514 oppido
689 439 807 498 Siciliae
832 439 982 499 veteribus
1003 439 1119 498 Sicanis

101 545 119 584 a
143 529 261 586 nomine
286 527 404 587 Tiburti
432 528 534 587 fratris
558 531 632 586 natu
655 529 778 586 maximi
801 528 904 586 urbem
929 531 1118 587 vocaverunt

172 608 258 664 Solio.
277 609 376 664 collect.
395 613 461 674 2,8
484 623 601 662 mnur-
615 623 723 674 nummi,
756 609 829 662 sicut
854 608 978 676 Sextius,
1008 608 1043 662 ab
1068 610 1120 662 Ar-

102 679 168 750 giva
186 678 341 734 iuventute.
370 693 512 735 Catillus-
527 698 670 734 vocaverunt.
699 682 734 748 Cf.
754 681 827 735 Serv.
847 683 916 736 Aeo.
933 685 960 747 7,
975 685 1039 735 670.
1055 685 1120 735 672.

453 858 503 912 EX
522 857 767 912 ORATIONIBUS

233 964 282 1017 DE
302 963 378 1018 SUIS
397 964 616 1018 VIRTUTIBUS
636 963 783 1018 CONTRA
803 964 988 1018 THERMUM

493 1102 534 1157 10
559 1092 658 1177 [xro
678 1095 722 1174 o]

170 1204 270 1262 aliud
289 1207 343 1263 est
361 1223 571 1280 properare,
591 1204 691 1263 aliud
709 1206 897 1264 festinare.
936 1207 997 1280 qui
1015 1226 1124 1264 unum
1155 1277 1159 1285 .

103 1292 189 1368 q'uid
220 1296 359 1352 mature
395 1296 586 1372 transigit,
622 1295 653 1352 is
685 1297 872 1370 properat3
915 1295 976 1369 qui
1007 1295 1126 1353 multa

103 1383 210 1440 simul
232 1383 367 1459 incipit
389 1403 504 1459 neque
527 1384 692 1460 perficit,
714 1385 744 1441 is
768 1383 931 1442 festinat.

177 1462 245 1517 Gell.
274 1468 319 1529 16,
338 1468 416 1530 14,1
449 1463 584 1518 festinare
612 1467 641 1517 et
672 1479 823 1532 properare
855 1463 931 1516 idem
964 1462 1127 1534 significare

104 1535 189 1602 atque
212 1534 242 1586 in
266 1535 382 1588 eandem
406 1552 466 1589 rem
490 1535 546 1589 diei
569 1534 708 1588 videntur.
743 1535 791 1588 sed
811 1535 847 1587 M.
869 1532 937 1588 Cato
956 1535 987 1589 id
1011 1534 1128 1589 differre

104 1605 248 1658 existimat
267 1622 356 1674 eaque
374 1606 428 1660 hoc
442 1606 526 1660 modo
541 1606 632 1660 divisa
646 1605 741 1674 (verba
756 1608 821 1660 sunt
834 1605 924 1675 ipsius
938 1622 972 1658 ex
987 1606 1126 1675 oratione,

17 1716 26 1742 p
103 1692 188 1744 quam
208 1676 242 1730 de
262 1678 319 1730 suis
334 1677 485 1731 virtutibus
504 1678 628 1748 habuit):
653 1692 716 1731 aduc
734 1708 768 1717 -
787 1692 885 1731 testimo.
904 1679 979 1732 Fost.
994 1695 1025 1746 p.
1040 1682 1097 1732 234
1105 1683 1126 1746 ὁ,

104 1751 141 1801 17
160 1790 166 1801 .
183 1789 210 1802 ..
231 1748 307 1817 apud
327 1746 462 1802 Catonem
481 1749 511 1802 in
531 1767 563 1802 ea
583 1765 654 1817 quae
675 1751 717 1801 est
736 1751 834 1802 contra
848 1747 997 1801 Thermum
1017 1749 1052 1802 de
1067 1750 1129 1803 suis

104 1818 269 1872 virtutibus:
289 1835 351 1873 anuo
369 1852 405 1859 —
422 1835 519 1874 resanat.
548 1822 631 1875 Paul.
642 1838 671 1888 p·
687 1825 750 1886 235,
765 1825 800 1873 14
814 1836 964 1888 properare
980 1819 1059 1873 aliud
1074 1823 1128 1887 est,

105 1905 216 1944 auuc-
229 1906 324 1946 festinae
359 1892 613 1960 Nou.p.441,18
640 1893 709 1945 Cato
736 1892 862 1945 oratione
891 1907 975 1960 quam
1004 1891 1039 1944 de
1067 1892 1130 1945 suis

105 1961 255 2016 virtutibus
271 1963 396 2031 scripsit:
417 1976 479 2018 aliud
490 1995 523 2003 -
533 1978 630 2018 festinat
650 1964 735 2018 Schol.
751 1964 820 2017 Boo.
836 1963 881 2016 od.
898 1962 952 2016 Cic.
962 1980 993 2032 p.
1003 1967 1062 2017 289
1080 1964 1127 2018 Or.

106 2032 260 2086 aliudesse
279 2049 439 2102 properare,
459 2033 536 2087 aliud
555 2034 689 2087 festinare
704 2034 765 2102 ipse
779 2051 830 2086 nos
846 2065 879 2074 -
895 2033 963 2087 Cato
983 2034 1082 2087 docuit
1097 2035 1128 2087 in

105 2104 232 2157 oratione
256 2121 328 2172 quae
354 2104 518 2159 inscribitur
537 2107 571 2159 de
595 2106 699 2158 virtute
724 2122 775 2158 aua
794 2107 891 2158 contra
910 2104 1070 2158 Thermum.
1092 2135 1127 2145 -

105 2191 172 2228 nam
186 2191 248 2229 anuo
258 2208 290 2215 -
302 2191 399 2230 senonas
428 2179 497 2231 Isid.
512 2179 572 2244 diff.
588 2179 657 2231 cert.
672 2181 727 2230 440
745 2177 819 2229 inter
837 2192 988 2245 properare
1003 2179 1032 2230 et
1047 2177 1127 2230 festi-

105 2262 184 2300 nare:
209 2246 319 2300 Marcus
344 2246 413 2300 Cato
437 2247 477 2301 sic
501 2248 653 2318 distinguit
677 2247 785 2301 dicens:
805 2263 844 2310 qui
859 2279 892 2288 -
907 2262 1004 2301 fecorat.
1034 2249 1129 2302 codem

105 2318 161 2383 fere
180 2336 223 2387 op.
244 2319 317 2373 Soet.
332 2337 363 2388 p.
378 2323 436 2373 285
455 2320 490 2373 R.
507 2321 578 2374 Sero.
600 2321 676 2374 Dan.
695 2336 720 2388 p.
740 2325 767 2384 1,
780 2322 844 2373 260.
878 2319 912 2384 of.
933 2319 992 2374 Ioco.
1013 2320 1045 2373 de
1065 2320 1127 2386 diff.

108 2389 199 2443 ooK
216 2389 277 2442 VII
294 2394 357 2456 527,
373 2393 397 2443 5.

178 2466 192 2512 1
212 2477 300 2513 unum
318 2461 449 2530 quodque
467 2463 540 2516 Fest.
561 2462 632 2515 Soet.
653 2463 688 2515 ol.
708 2478 734 2514 u.
752 2460 887 2529 quicquid
900 2460 1030 2515 nonnulli
1048 2460 1129 2515 codd.

106 2531 261 2658 fficium-⁹>
270 2531 372 2658 ppmul]
387 2532 442 2586 sibi
457 2533 548 2588 Puris.
564 2532 778 2588 Voso.Lot.F7
830 2532 952 2601 percipit
966 2529 1059 2586 Poris.
1104 2533 1130 2586 is

333 2747 373 2800 ΙΝ
391 2746 422 2801 L.
443 2745 649 2812 QUINCTIUM
667 2745 903 2799 FLAMINlNUM

477 2862 496 2934 ψ
522 2866 562 2919 11
589 2855 759 2939 [nulle]

175 2966 276 3024 aliud
300 2969 368 3040 est,
392 2967 577 3043 Philippe‚
602 2987 712 3042 amor,
735 2968 842 3044 longe
862 2967 963 3026 aliud
987 2968 1131 3043 cupido.

108 3056 263 3114 accessit
281 3055 369 3114 ilico
387 3057 489 3130 alter,
508 3057 569 3116 ubi
589 3059 683 3116 alter
700 3058 866 3131 recessit3
891 3057 986 3115 alter
1005 3057 1133 3133 bonus,

108 3145 205 3203 alter
226 3145 350 3204 malus.

180 3226 248 3280 laid.
273 3227 332 3292 diff.
357 3227 464 3280 ooo·b.5
493 3226 567 3280 inter
596 3243 718 3280 amorem
747 3229 775 3280 et
804 3227 977 3295 cupidinem
1007 3241 1073 3281 anuo
1092 3245 1133 3293 est,

108 3297 202 3364 inquit
221 3294 298 3365 Cato,
322 3311 425 3360 Philipps
440 3329 473 3337 -
488 3313 566 3352 marus.
612 3301 644 3352 de
663 3299 836 3353 collocatione
859 3300 894 3365 cf.
917 3315 1005 3365 suipra
1030 3304 1089 3353 test.
1106 3305 1132 3352 1.

109 3369 141 3422 dc
159 3385 188 3421 re
207 3369 309 3434 Afrum.
328 3369 365 3435 fr.
386 3375 409 3423 1.
424 3373 451 3423 2.
489 3370 584 3424 Ploot.
604 3371 705 3424 Booclr.
725 3374 769 3423 20.

169 3443 188 3487 1
211 3439 346 3508 philzppi
367 3442 425 3496 cod.
451 3442 577 3509 Bastuli,
600 3443 691 3496 Bostl.
710 3447 773 3496 toste
795 3441 878 3495 Orelli
939 3438 1024 3509 longe
1043 3456 1133 3508 quam

74 3502 177 3556 Parta
193 3506 211 3557 l.
229 3508 374 3580 aliudque
392 3517 478 3570 Areo.
558 3521 575 3569 2
595 3515 649 3570 ubi
669 3516 763 3570 Pacis.
780 3514 862 3568 Acco.
878 3510 952 3564 inid.
969 3512 1062 3564 Bcatl.
1077 3510 1139 3565 ced.

72 3564 195 3626 ”attho
207 3593 263 3632 om.
294 3583 386 3640 Vato'e.
