2400 3824
334 187 364 242 L.
384 186 482 241 Aelius
501 186 580 240 Stilo.
623 185 654 251 Q.
669 185 799 240 Valerius

380 356 423 461 Q.
449 356 755 443 VALERIUS

52 579 167 633 VITAE
404 508 441 573 A.
464 507 734 574 TESTIMONIA

129 674 153 723 1.
177 669 310 738 Qaiatam
329 683 497 736 praenomen
517 667 608 722 Oiccro
633 667 721 722 Varro
745 668 831 734 (apol
857 667 985 734 Gelliam)
1010 667 1079 722 Pla-

52 742 168 795 tarclcas
191 746 338 804 testantium
362 745 490 793 commeta
513 755 573 793 ocra
597 745 741 792 aactoram
764 739 912 806 appellatio
936 738 1080 793 ‘Valerios

54 811 192 867 Soramas'
214 818 258 866 cst.
294 812 336 865 ita
354 811 433 864 semel
456 809 545 864 Varro
564 811 596 863 de
615 812 632 863 l.
653 811 717 864 Lat.
733 813 826 879 primo
845 811 902 864 loco
921 809 967 876 (fr.
983 812 1019 879 1),
1039 811 1080 864 bis

49 890 151 953 postca
174 883 294 951 simplici
315 883 425 936 momine
444 881 609 948 ‘Valerius',
633 888 665 935 at
682 882 749 935 solet
772 881 816 949 (cf.
837 881 942 947 Actias,
963 883 1080 936 Porcius

54 957 125 1022 etc),
145 955 238 1008 cadem
256 954 312 1020 fere
328 955 459 1007 varietate
478 970 534 1021 aaa
548 954 579 1006 ia
592 953 708 1006 Aarclio
730 951 820 1021 Opillo
838 969 905 1006 usas
925 959 963 1007 cst
981 953 1026 1022 (cf.
1042 953 1080 1006 ael

55 1027 132 1080 hamc
150 1032 207 1080 test.
224 1031 257 1079 1.

128 1100 156 1150 2.
177 1097 231 1152 aa.
240 1027 329 1150 )Brat.
346 1099 398 1150 169
411 1095 451 1219 Rp.
464 1092 573 1166 708l46]
589 1094 664 1163 apud
679 1095 768 1149 socios
783 1097 812 1149 ει
825 1094 941 1149 Latinos
956 1097 1080 1150 oratores

54 1167 151 1221 habiti
166 1168 231 1221 sunt
246 1166 277 1232 Q.
287 1165 400 1220 Vettius
436 1166 559 1220 ettinnus
574 1165 711 1233 cMarsis‚
726 1183 809 1234 quem
823 1165 884 1234 ipsc
900 1166 1017 1237 cognovi
1032 1190 1078 1233 -;

57 1238 89 1304 Q.
111 1238 144 1293 D.
164 1237 272 1293 Valerii
292 1237 391 1292 Sorani
413 1237 499 1292 vicini
523 1239 551 1291 et
570 1237 718 1290 familiaris
742 1237 811 1304 mci,
835 1255 892 1292 non
910 1240 969 1292 tam
988 1238 1018 1291 in
1037 1239 1079 1291 di-

58 1311 150 1364 cendo
165 1308 346 1364 admirabiles
361 1326 445 1376 quam
461 1309 537 1363 docti
551 1312 580 1362 et
590 1307 704 1362 Graecis
718 1308 822 1362 litteris
837 1312 866 1362 et
876 1308 992 1363 Latinis.
1019 1326 1081 1364 cam

57 1383 113 1436 alii
129 1388 281 1450 sequautur
299 1397 390 1435 ommes
399 1383 512 1450 patriae
526 1383 708 1450 appellatione
723 1381 855 1449 praediti,
877 1381 1001 1436 ‘Soram’
1020 1397 1080 1450 cop-

55 1469 157 1508 aomm
174 1470 232 1508 aaa
250 1459 300 1518 est,
326 1453 398 1520 qma
417 1470 436 1505 a
453 1452 562 1506 cacitas
583 1452 723 1507 ‘Latmos'
744 1459 770 1506 et
789 1453 896 1506 ‘alcimi'
917 1455 999 1506 etiam
1017 1468 1081 1508 coa-

55 1525 194 1592 firmatar.
213 1525 247 1590 σι’.
254 1531 398 1593 praeterea
407 1525 468 1590 fri
482 1530 508 1578 et
518 1524 667 1591 Clohelius,
678 1524 793 1578 Hermes
802 1527 837 1576 41
847 1526 940 1592 (1906)
952 1541 981 1592 p.
991 1527 1027 1578 59
1032 1541 1079 1593 ορ,

56 1613 121 1650 cam
146 1613 199 1664 qao
217 1597 300 1649 ctiam
318 1597 455 1650 cmiseatio
476 1595 506 1664 Q.
530 1596 670 1649 Valeriam
690 1595 827 1648 Cicerom's
849 1596 971 1648 uicinam
989 1613 1080 1665 pram-

56 1669 190 1722 maticam
209 1683 262 1721 csse
283 1667 359 1735 (eota.
374 1685 404 1736 p.
421 1669 464 1720 66.
498 1667 625 1734 Brittium,
645 1668 763 1721 Porcius
781 1666 899 1719 Liciaas
915 1682 944 1733 p.
961 1669 1033 1736 124).

132 1760 157 1809 3.
177 1757 253 1810 le.
273 1757 369 1823 Pomp.
390 1761 425 1809 10
450 1753 536 1816 Γολιος
562 1756 593 1810 ot
607 1752 735 1818 Ὄππιος
761 1753 775 1808 ὁ
802 1751 945 1821 Καίσαρος
973 1754 1082 1822 ἑταῖρος

58 1827 264 1894 ἀπανθρώπως
289 1826 358 1895 φησὶ
381 1827 430 1880 καλ
453 1823 563 1898 Κοίντῳ
585 1823 728 1897 Οὐαλερίῳ
753 1824 913 1896 χρήσασθαι
935 1825 984 1880 τὸν
1005 1828 1080 1895 Πομ-

57 1897 155 1965 πήιον.
193 1895 378 1966 ἐπιστάμενον
401 1896 467 1967 γάρ,
491 1897 529 1960 ὡς
554 1897 609 1952 ἔστι
633 1894 781 1966 φιλόλογος
804 1897 875 1965 ἀνὴρ
895 1897 943 1950 καλ
962 1901 1081 1966 φιλομα-

56 1969 118 2037 θὴς
142 1969 172 2024 ἐν
196 1966 300 2038 ὀλίγοις
323 1967 337 2022 ὁ
360 1967 520 2036 Οὐαλέριος,
547 1969 584 2032 ὡς
607 1967 682 2038 ἤχθη
706 1968 777 2035 πρὸς
797 1965 897 2034 αὐτόν,
926 1968 1081 2022 ἐπισπασά-

58 2060 147 2110 μενον
181 2040 229 2094 ιιαλ
258 2039 541 2109 συμπεριπατήσαντα
568 2040 617 2093 καλ
643 2037 809 2109 πυθόμενον
838 2034 877 2093 ὧν
908 2039 1001 2111 ἔχρῃζε
1033 2040 1081 2093 καλ

59 2108 203 2180 μαθόντα,
226 2110 380 2177 προστάξαι
398 2119 457 2172 τοῖς
475 2108 627 2179 ὑπηρέταις
647 2112 736 2172 εὐθὺς
754 2111 863 2165 ἀνελεῖν
882 2107 1082 2179 ἀπαγαγόντας

59 2183 98 2253 [a.
121 2180 225 2254 672s82
243 2183 372 2250 Pompeio
395 2185 426 2236 ia
445 2181 543 2236 Sicilia
563 2182 758 2253 propraetore}
787 2182 859 2237 Sero.
880 2183 978 2251 (Dari.)
1011 2184 1080 2236 Aere.

59 2260 85 2319 1,
99 2257 158 2306 277
183 2251 261 2306 urbis
280 2252 357 2306 illius
383 2253 511 2324 [Romae]
537 2271 633 2307 verum
653 2269 755 2307 nomen
775 2269 857 2307 nemo
878 2252 974 2307 vulin
995 2254 1081 2307 sacris

60 2323 200 2378 enuntiat.
239 2324 360 2391 denique
387 2323 518 2379 tribunus
541 2323 636 2394 plebei
660 2325 776 2392 quidam
799 2324 927 2378 Valerius
952 2324 1081 2393 Soranus,

61 2398 95 2449 ut
115 2393 157 2449 ait
170 2395 259 2450 Varro
279 2397 307 2448 et
326 2395 409 2448 multi
428 2395 486 2462 alii,
505 2397 558 2451 hoc
576 2412 678 2451 nomon
698 2414 781 2449 ausus
796 2396 950 2460 enuntiare,
969 2397 1001 2448 ut
1020 2396 1081 2463 qui·

59 2468 128 2521 dam
152 2467 251 2520 dicunt
273 2469 370 2535 ruptus
394 2485 411 2520 a
430 2469 530 2521 senatu
549 2469 578 2520 ot
596 2468 626 2521 in
646 2484 755 2521 crucem
774 2467 882 2520 levatus
902 2469 953 2533 cst,
972 2469 1004 2519 ut
1024 2467 1082 2534 ulii,

60 2541 140 2591 metu
160 2536 293 2607 supplicii
311 2537 386 2608 fugit
401 2538 474 2592 etin
489 2538 586 2592 Sicilia
600 2538 815 2607 comprehensus
830 2556 847 2590 a
860 2540 988 2605 praetore
1002 2555 1082 2606 prac-

60 2612 144 2678 ccpto
165 2609 278 2663 senatus
297 2609 405 2664 occisus
422 2611 472 2664 est.
505 2610 577 2677 salsa
592 2610 625 2664 de
638 2611 681 2663 llis
694 2610 813 2664 Lcatsct
826 2609 925 2663 Philol.
937 2612 973 2662 39
987 2610 1082 2678 (1880)

56 2698 86 2749 p.
103 2685 149 2734 90.
183 2689 217 2748 ct.
242 2682 316 2735 Plat.
340 2688 442 2749 quaest.
462 2681 497 2734 R.
514 2686 557 2735 61.
595 2682 669 2735 Plim.
694 2699 721 2735 a.
741 2681 766 2733 a.
787 2684 817 2744 3,
833 2682 877 2733 65.
915 2679 1000 2734 Solia.
1017 2685 1041 2747 1,
1056 2685 1081 2735 4.

60 2752 135 2822 lrycl.
147 2753 181 2806 dc
194 2768 276 2806 meas.
287 2757 313 2818 4,
323 2755 366 2806 50.
397 2752 539 2807 Oiclorias
549 2752 695 2806 Platarclii
707 2754 795 2806 locam
809 2757 877 2806 recte
890 2752 928 2805 aet
944 2751 1083 2806 Valeriam

58 2825 272 2893 prammaticam
294 2823 413 2889 refereris
431 2825 495 2877 hirec
513 2825 572 2878 eias
591 2829 704 2878 aetatem
723 2825 800 2877 iatra
818 2825 947 2877 termiaos
966 2822 1083 2895 614s140

58 2897 136 2949 circa
160 2901 186 2948 ct
204 2893 307 2966 672l82
329 2897 542 2964 circumscripsit
566 2896 642 2963 (ibid.
663 2913 688 2964 p.
705 2896 807 2963 ilisa),
833 2911 866 2947 ac
891 2895 920 2964 Q.
944 2895 1084 2948 Valeriam

62 2966 163 3020 Orcam
178 2973 332 3035 praetorem
351 2968 422 3020 amai
440 2965 542 3038 callot
560 2968 619 3020 cias
635 2967 725 3033 filiam
743 2967 829 3032 faisse
847 2966 967 3020 coaiecit.

133 3049 159 3099 4.
190 3045 244 3100 Cic.
273 3046 306 3100 cle
329 3063 366 3100 or.
392 3050 421 3112 3,
441 3050 477 3100 43
505 3045 662 3128 [a663s91
689 3048 811 3115 loquitar
840 3044 966 3116 Crassus]
994 3045 1084 3099 nostri

58 3117 154 3170 minus
170 3117 285 3170 student
304 3116 407 3170 littoris
426 3134 511 3184 quum
527 3117 634 3183 Latin13
653 3119 749 3170 tamen
764 3116 883 3183 existis,
903 3133 971 3182 quos
986 3117 1084 3183 nostis,

58 3187 190 3253 urbanis,
217 3188 247 3240 in
272 3187 374 3255 quibus
400 3187 548 3241 minimum
574 3190 617 3241 est
642 3187 813 3254 litterarum,
839 3203 921 3241 nemo
948 3190 990 3240 cst
1016 3188 1084 3255 quin

59 3257 302 3313 litteratissimum
322 3261 483 3328 togatorum
502 3259 626 3313 omnium
646 3258 676 3324 Q.
695 3258 840 3312 Valerium
860 3258 995 3312 Soranum
1014 3258 1084 3312 leni-

60 3331 123 3384 tate
138 3329 215 3383 vocis
230 3331 314 3398 atque
328 3330 390 3399 ipso
406 3330 461 3384 oris
475 3346 573 3399 pressu
587 3332 616 3384 ct
630 3347 698 3385 sono
712 3329 796 3384 facilc
810 3330 913 3384 vincat.
938 3330 973 3396 cf.
988 3337 1046 3384 test.
1056 3334 1083 3384 2.

63 3435 299 3491 SCRIPTORUM

95 3585 102 3596 ,
130 3521 154 3569 ¹⁵·
177 3518 255 3595 ,Hm
280 3534 306 3569 ⁷²·
324 3517 462 3598 istrael·
479 3523 518 3574 33
543 3520 615 3590 quid
644 3522 772 3598 singulis
802 3522 1012 3582 continemini
1031 3512 1130 3592 inlotis

45 3585 116 3634 hmo
133 3583 271 3648 0P1³i¹¹l⁸0
287 3585 426 3642 wbfflmri
439 3622 483 3646 -.
513 3591 573 3653 hoc
592 3599 665 3656 ants
680 3618 733 3658 mc
746 3599 826 3658 fecit
840 3599 880 3656 ‘m
889 3591 1014 3653 titteris
1026 3584 1149 3641 nussim
