2400 3824
116 210 158 275 27
162 210 181 275 6
265 209 471 264 Grammatioae
490 209 594 263 aetatis
611 208 803 262 varronianae
822 207 982 276 fragmenta

189 371 269 427 char.
285 387 314 438 9.
329 374 391 436 104,
406 374 422 423 1
440 375 484 438 (=
499 370 574 423 Plio.
590 369 653 422 099.
668 384 745 423 seren.
756 385 785 436 9.
803 371 846 434 31,
861 371 899 421 18
908 367 955 435 Β.)
973 380 1089 421 Leontion
1103 397 1135 406 -

115 456 260 497 nominativo.
279 441 349 496 libro
364 441 452 495 XIII
465 442 509 495 De
527 442 545 494 9.
561 441 595 494 L.
614 441 701 495 999999
717 440 777 494 cult
795 439 952 494 derauas
966 441 1135 507 939161.

189 529 202 576 1
222 521 370 590 dhyrueion
389 521 417 574 99
435 519 564 575 faunion:
583 537 631 574 em.
651 520 766 590 8999999
837 518 915 589 greci
1003 517 1138 588 anesin]

116 595 217 648 neutra
270 599 334 647 ante
352 594 381 645 99
399 595 529 646 laconum
547 594 669 662 aipeuoit
687 592 753 645 Keil
842 589 918 661 499]
938 590 991 642 de*

544 742 610 801 259
635 735 706 820 [99]

184 852 254 910 9999
285 849 462 925 pronomina
493 849 579 907 finita
609 868 664 925 ego
696 852 731 906 99
762 848 827 921 9119,
861 847 979 906 infinita
1013 848 1136 922 septem,

117 941 215 998 minus
239 958 330 1015 quam
353 938 439 997 finita
462 956 522 1011 sex,
544 939 712 1013 possessiva
735 937 874 1012 quinque.
916 939 947 995 99
969 936 1044 994 haec
1068 936 1138 994 9999

118 1029 308 1105 pronomina3
330 1029 363 1085 in
381 1047 480 1086 rerum
497 1029 608 1085 natura
625 1028 692 1102 9199
711 1045 771 1085 non
789 1025 914 1085 invenis.
950 1026 1052 1084 omnia
1070 1043 1136 1100 pro·

118 1119 252 1193 nomina,
285 1135 360 1192 quae
384 1119 456 1175 9999
484 1117 607 1175 inventa
630 1116 661 1172 in
688 1116 793 1193 lingua
815 1114 938 1190 Latina,
970 1115 1031 1172 9999
1055 1115 1137 1172 sunt:

93 1207 205 1277 5finiia
229 1207 298 1264 9999
320 1205 388 1280 iria,
417 1224 472 1283 ego
496 1207 531 1263 99
552 1205 621 1278 9119;
650 1204 768 1263 infinita
791 1206 914 1280 sepiem,
943 1205 1010 1278 quis
1039 1202 1137 1278 qualis

118 1295 190 1354 99199
210 1297 339 1370 quantus
361 1297 465 1353 tantus
484 1297 593 1370 quoius
611 1296 708 1366 999999
733 1295 832 1352 minus
851 1312 942 1368 quam
960 1291 1048 1350 999999
1067 1293 1138 1350 9999

119 1403 178 1460 sex,
207 1385 271 1459 9999
297 1385 355 1442 iste
379 1385 405 1442 99
427 1383 476 1442 hic
503 1383 583 1442 idem
610 1385 671 1458 sui3
700 1382 869 1459 possessiva
896 1384 966 1440 suni
995 1381 1138 1457 quinque,

119 1491 202 1532 meus
220 1477 291 1532 9999
310 1491 381 1531 suus
401 1475 626 1546 noster·vester;
645 1472 706 1530 alia
724 1473 901 1548 pronomina
915 1489 976 1529 non
994 1469 1137 1529 invenies.

120 1561 172 1623 sed
194 1562 290 1621 dicere
316 1561 392 1620 mihi
420 1561 524 1635 habes,
557 1561 661 1620 dixisti
687 1561 762 1619 mihi
790 1561 850 1619 alia
877 1560 1056 1636 pronomina
1079 1577 1139 1616 non

81 1682 107 1722 10
120 1651 261 1727 inveniri,
292 1651 343 1710 sed
370 1651 472 1709 inveni
499 1649 567 1708 alia.
614 1650 680 1708 dico
707 1649 779 1708 tibi:
801 1650 865 1728 ‘ego
889 1648 951 1706 dixi
979 1650 1052 1723 quia
1079 1667 1138 1706 non

43 1802 46 1807 ,
121 1743 192 1800 9999
209 1739 396 1817 primigenia,
420 1758 495 1814 quae
515 1739 589 1797 dicii
607 1739 712 1814 Verre,
736 1739 788 1798 sed
806 1737 974 1797 deductiva.
1008 1737 1139 1796 mulium

120 1830 254 1903 interest,
272 1832 374 1887 utrum
392 1828 432 1887 999
446 1828 563 1903 aliquid
581 1827 718 1886 naturale
738 1847 777 1886 an
796 1827 912 1902 aliquid
927 1825 1138 1885 derivaiivum.

113 1971 115 1975 .
192 1929 288 1997 Pomp.
303 1934 440 1982 comerent.
451 1945 481 1996 9.
496 1931 559 1994 201,
568 1931 606 1981 29
624 1944 676 1981 eunt
689 1928 785 1980 audem
798 1941 933 1988 pronomina
944 1956 970 1965 -
982 1939 1139 1980 dexivatium

122 2000 157 2066 cf.
188 1999 397 2067 0199999158,
421 2002 479 2066 399.
522 1999 615 2052 Diem.
640 2016 670 2067 p.
696 2001 759 2064 329,
781 2002 843 2066 299.
890 1997 972 2052 Prob.
996 1998 1062 2050 ieet.
1086 2003 1139 2052 art.

118 2073 309 2142 91312599.
336 2071 521 2140 1199999999.
532 2087 561 2138 9.
574 2073 629 2122 357
633 2086 671 2138 99.
699 2069 807 2124 0199199.
818 2086 848 2138 p.
860 2072 937 2137 5099.
960 2069 1069 2122 Iuliae.
1085 2086 1139 2124 999.

118 2160 149 2267 9.
160 2146 222 2265 9119,
231 2145 277 2196 22.
296 2142 503 2209 1999999999.
514 2144 610 2209 34399.
631 2141 718 2195 Prisc.
725 2158 754 2209 9.
766 2144 864 2209 57799.
884 2140 992 2195 Dorida.
1001 2157 1031 2208 9.
1042 2145 1140 2209 40199.

140 2215 166 2267 ai
186 2228 245 2267 .or.
262 2218 287 2278 1,
301 2217 327 2278 8,
340 2216 367 2266 2.
388 2216 412 2266 5.

196 2292 382 2358 1999999199,
407 2308 459 2362 ego
481 2293 514 2344 99
536 2291 586 2346 9119
604 2293 854 2346 9999979999999919
961 2297 977 2344 3
999 2291 1064 2344 XXI
1077 2299 1143 2361 post

123 2381 248 2434 pronom.
268 2364 332 2418 add.
353 2365 418 2418 Keil
495 2363 620 2416 invenies
636 2364 792 2418 1291999999
877 2368 911 2416 12
931 2361 1040 2431 aliquid
1059 2367 1141 2416 natu-

124 2435 183 2489 rale
206 2436 289 2501 Wolf.
312 2453 347 2488 m.
370 2450 421 2489 reo.
449 2434 547 2502 aliqui.
575 2435 703 2488 naturale
728 2435 809 2500 Wolf.
839 2433 948 2501 aliquid
974 2450 991 2487 a
1016 2433 1142 2488 naturali

125 2509 217 2563 Pare.
236 2508 320 2576 89999.
340 2511 412 2560 1179
431 2513 456 2560 99
473 2511 547 2559 1180
564 2507 681 2560 alterum
699 2505 809 2573 aliquid
826 2508 886 2560 secl.
906 2505 972 2559 Keil
1069 2506 1141 2558 deri·

124 2581 174 2633 vat
194 2621 199 2632 .
220 2620 225 2631 .
245 2596 293 2630 um
312 2577 469 2630 derivatum
488 2578 580 2631 Paris.
600 2578 684 2648 Scap.
702 2581 771 2632 1179

539 2704 604 2761 999
629 2696 721 2780 [999]

193 2827 356 2884 pronomen
384 2809 456 2884 quia
478 2803 580 2886 (non)
607 2808 744 2885 fungitur
771 2808 869 2869 officio
892 2809 951 2868 nisi
977 2809 1143 2885 praemisso

127 2897 253 2956 nomine.
298 2897 366 2956 ideo
398 2898 472 2956 haec
500 2916 571 2972 pars
601 2896 776 2957 eVarrone
809 2898 991 2958 succedanea
1024 2898 1143 2971 dicitur,

128 2987 199 3061 quia
227 3006 286 3044 non
313 2989 414 3062 999999
440 2985 472 3043 in
502 2985 606 3045 eadem
635 2986 785 3045 locutione
816 3005 891 3062 9999,
923 2988 979 3046 hoc
1003 2990 1049 3046 999
1073 2988 1144 3063 quia

127 3075 173 3133 bis
191 3094 298 3133 nomen
316 3078 412 3151 repeti
430 3094 490 3133 non
509 3077 614 3150 999999.
656 3075 728 3134 ordo
746 3079 846 3134 tamen
865 3077 914 3135 hic
932 3077 1144 3135 custodiendus

102 3183 114 3224 9
129 3167 182 3239 999,
201 3167 236 3221 99
253 3183 361 3223 nomen
374 3164 407 3223 in
420 3164 611 3240 praecedenti
624 3164 664 3222 999
677 3165 751 3240 1999,
770 3183 934 3240 pronomen
946 3165 979 3222 in
993 3165 1143 3225 subiectis,

201 3261 309 3317 Oledec.
329 3280 358 3331 p.
374 3267 422 3329 49,
435 3267 471 3317 21
490 3288 613 3325 pronomen
625 3279 679 3325 quie
692 3295 718 3302 -
735 3277 847 3318 aubieotia.
883 3264 944 3336 [Ser
961 3263 999 3335 99]
1019 3265 1051 3318 974
1069 3266 1143 3320 Βο0.

115 3350 150 3400 p.
166 3337 285 3401 48814
304 3351 461 3404 pronomen
484 3334 588 3388 dicitur
610 3334 685 3400 quod
708 3350 758 3402 pro
782 3333 874 3389 officio
896 3337 925 3390 99
942 3282 1004 3389 foco
1023 3335 1145 3390 nominis

106 3404 240 3471 ponitur.
262 3439 299 3448 —
320 3408 460 3466 inventae
479 3410 547 3464 9999
563 3404 735 3478 pannoniae,
751 3421 824 3472 9999
837 3407 934 3472 ‘ipoam
945 3406 1145 3473 repedicionern

100 3475 301 3537 excluderent
318 3484 511 3541 succedendo
531 3482 565 3538 in
586 3481 687 3551 ipsam
702 3475 828 3531 99999999
844 3474 1088 3552 daemoniacum,
1118 3477 1160 3526 99.

87 3560 118 3600 0¹·
139 3553 217 3620 408,
246 3559 293 3611 36
314 3575 492 3628 pronomen
520 3545 881 3616 (1199999999999919ω
897 3555 1031 3621 Qffix
1048 3555 1084 3590 Q
1104 3541 1183 3616 ‘W

108 3622 228 3691 agitur
249 3629 361 3690 officio
382 3633 526 3692 neminie
545 3665 592 3686 —.
620 3621 783 3695 99991999
804 3609 1194 3674 &acuminum-ptumorum
