2400 3824
139 177 205 241 508
305 177 512 232 Grammaticae
531 178 633 232 aetatis
651 179 813 247 Augusteae
830 175 991 244 fragmenta

135 339 215 407 tique
229 355 279 407 per
293 338 421 392 herbam:
435 339 448 410 s
460 339 506 392 hic
520 356 597 392 meus
613 342 664 404 cst,
679 338 782 404 dixere,
797 336 878 391 dies’.
888 369 915 376 -
929 336 1004 390 illud
1013 335 1161 390 Porcellus

136 410 337 480 grammaticus
361 409 497 478 arguebat
520 411 550 462 in
568 411 622 463 hoc
640 426 720 464 versu
739 408 820 477 quasi
843 408 1055 475 soloecismum,
1084 408 1159 476 quod

136 498 199 535 cum
222 481 315 550 plures
339 481 496 534 induxisset
519 480 625 535 diceret
649 480 707 534 ‘hic
731 496 809 533 meus
833 482 875 533 est
899 479 980 548 dies',
1009 496 1070 533 non
1098 479 1158 532 ‘hic

135 555 230 607 noster
256 554 323 618 est',
353 555 381 606 et
405 553 435 606 in
459 553 600 606 sententia
626 552 733 621 optima
758 551 789 605 id
814 551 967 606 accusabat
993 551 1073 619 quod
1100 554 1161 605 crat

136 625 281 693 optimum.
318 625 367 679 hoc
385 624 521 678 iodicium
540 625 636 679 litteris
655 624 816 678 mandatum
833 640 890 678 ooo
908 639 962 677 ecee
979 624 1102 677 videtur.

359 858 395 922 B.
423 856 598 924 FALSUM
622 855 930 922 FRAGMENTUM

203 1035 292 1091 quae
316 1017 327 1073 l
350 1016 479 1074 littera
501 1016 686 1073 finiuntur
708 1017 744 1072 in
768 1014 1018 1073 declinatione
1047 1015 1153 1092 gemi-

135 1105 395 1163 nant'candem
418 1105 597 1178 litteram,
620 1107 801 1180 tamquam
819 1104 887 1161 mel
911 1103 1032 1162 mellis
1054 1107 1090 1162 et
1108 1103 1155 1162 fel

136 1194 245 1253 follis.
288 1195 361 1253 facit
383 1195 427 1252 ita
449 1193 583 1252 tribunal
610 1192 781 1251 tribunallis
805 1196 836 1250 et
859 1193 971 1250 animal
994 1193 1153 1252 animallie.

207 1292 279 1347 Suet.
300 1293 359 1359 diff.
378 1309 454 1347 serm.
496 1296 579 1357 .310,
593 1295 632 1346 28
651 1292 725 1346 Roth
750 1290 877 1344 tribunal
901 1307 937 1344 an
960 1289 1105 1344 tribunale
1127 1293 1155 1344 ct

136 1363 242 1416 animal
257 1380 294 1416 an
308 1363 439 1417 animale.
470 1309 613 1417 {orcellus
633 1363 686 1434 [ito
703 1363 776 1417 Rota
790 1380 821 1431 p.
838 1363 957 1418 XOVH
971 1362 1051 1416 Proc.
1068 1361 1153 1432 coda]

137 1435 190 1488 ait:
209 1460 266 1496 quae
280 1450 289 1488 1
303 1466 327 1474 -
342 1449 459 1490 miminis.
487 1434 536 1487 sed
556 1435 666 1500 erravit,
685 1434 807 1502 primum
826 1434 894 1502 quia
910 1434 1109 1502 monosyllaba
1126 1434 1153 1486 in

137 1505 265 1574 exemplo
280 1506 383 1574 posuit,
403 1507 505 1560 deinde
520 1506 600 1577 [qua]
620 1505 687 1573 quia
706 1505 759 1576 [rc]
779 1505 789 1557 l
803 1522 859 1558 non
879 1503 1005 1575 geminat
1021 1521 1075 1558 nec
1088 1503 1153 1575 vigil

136 1594 188 1631 nec
211 1577 298 1646 pugil.
336 1578 401 1632 hoec
419 1594 488 1646 qaae
511 1578 588 1645 opud
607 1577 800 1643 Reifferscheid
818 1576 890 1631 Soet.
909 1577 967 1630 rell.
987 1593 1046 1632 aon
1064 1577 1156 1631 invecti

137 1665 219 1717 qaam
237 1649 318 1715 tidem
335 1650 452 1703 habeant
470 1652 574 1718 ioaoro.
608 1649 654 1702 sed
673 1666 691 1701 a
708 1656 792 1702 vetere
809 1651 941 1717 scriptore
957 1649 1015 1701 cive
1034 1649 1153 1702 Porcello

137 1723 192 1774 sice
211 1721 331 1775 Procilio
349 1723 405 1774 sive
422 1738 475 1788 qao
494 1721 551 1774 olio
569 1723 678 1774 nomiae
696 1721 760 1786 fait,
781 1721 849 1774 istae
867 1736 956 1790 aucae
975 1721 1090 1773 omuino
1108 1721 1153 1773 ab·

136 1793 253 1846 horreat.

408 2012 673 2136 luuouius
705 2050 881 2136 ausos

209 2271 275 2307 cum
285 2254 425 2308 Antonius
439 2253 534 2319 Rufos
552 2254 623 2306 idem
640 2255 685 2319 eit,
704 2255 753 2322 qai
765 2260 973 2321 praecisarum
987 2260 1154 2326 toyatarum-

138 2342 188 2394 qae
206 2327 322 2393 scriptor
341 2342 359 2378 o
377 2325 542 2379 Ρε-Αονοπε
561 2325 640 2393 (Hor,
656 2326 717 2379 ΑΡ
732 2328 797 2394 288)
816 2331 991 2392 memoratur,
1008 2329 1154 2382 meamus:

138 2403 206 2451 certe
225 2415 243 2450 a
262 2397 339 2462 Raso
360 2397 541 2450 ‘Pindaricae
560 2397 637 2466 lyrae
654 2396 776 2462 fidiciae’
798 2395 887 2464 (ocia.
907 2413 941 2450 ex
959 2398 993 2450 Ρ.
1011 2399 1156 2465 4,16,2e)

138 2470 163 2522 is
188 2468 311 2522 diversas
335 2484 389 2522 ecce
413 2468 521 2522 uidetur
548 2468 591 2535 (cf.
617 2467 823 2533 Reifferscheid,
851 2468 909 2521 iad.
935 2469 1016 2522 schol.
1044 2469 1153 2523 Vratisl.

140 2539 270 2610 1880J81
285 2556 314 2607 p.
332 2541 366 2608 7).
395 2539 428 2593 de
442 2539 519 2604 Ruso
533 2540 567 2605 cf.
585 2539 675 2604 Goctz,
692 2539 889 2608 Pauly-Wicc.
905 2540 970 2594 RE
982 2545 1008 2606 1,
1017 2544 1096 2595 2637
1097 2540 1153 2613 [91.

139 2611 252 2680 Prosop.
272 2612 336 2679 imp.
357 2612 435 2666 Rom.
456 2610 631 2681 1,104s692.

512 2823 785 2890 FRAGMENTA

635 2989 653 3042 1

205 3090 386 3149 locutionem
419 3109 536 3165 quoque
563 3090 712 3150 Antonius
736 3091 831 3149 Rufus
863 3110 916 3167 per
943 3110 963 3166 q
991 3091 1067 3150 dicit
1095 3109 1156 3152 osse

140 3178 334 3325 scribendlem,
353 3179 432 3254 quod
451 3179 491 3237 sit
510 3178 547 3236 ab
567 3198 601 3238 eo
620 3179 701 3255 quod
720 3179 880 3254 estloqu13
898 3181 971 3238 item
989 3181 1158 3256 periculum

140 3271 170 3326 et
192 3269 273 3326 fcrcu
287 3289 345 3325 um.

216 3367 269 3421 Vel.
289 3367 423 3437 lamp.
440 3371 534 3433 79,13
555 3381 691 3420 locutionem
704 3399 732 3406 ·-
745 3381 859 3421 ferculum
892 3368 927 3434 cf.
947 3369 1038 3422 Μ.
1056 3369 1095 3435 fr.
1115 3373 1156 3422 14.

143 3437 198 3493 Vel.
219 3439 306 3508 Loco.
327 3455 357 3507 p.
378 3443 481 3504 70,15.
515 3439 603 3506 Caper
623 3440 690 3492 orio.
710 3456 739 3507 p.
760 3442 805 3504 93,
819 3445 844 3492 4.
878 3443 953 3493 Anii.
974 3439 1088 3494 Oomut.
1112 3456 1156 3508 ap.

56 3509 261 3622 Nomou.
278 3514 387 3580 12150,
404 3513 450 3564 22.
483 3510 631 3578 Papirion.
654 3510 1045 3578 ioid.p.158,1a.164,19.
1078 3512 1160 3568 -οαεε,

138 3580 248 3640 thea
265 3583 333 3641 ibid.
349 3586 464 3657 12207,
480 3587 504 3640 1.
534 3582 630 3638 Albia.
647 3581 717 3637 oroi.
733 3598 762 3648 u.
775 3584 843 3646 299,
858 3585 902 3635 23.
953 3612 961 3626 ·
