2400 3824
338 226 340 231 .
422 181 459 234 ld.
479 180 625 234 Terentius
644 179 732 234 Varro
1021 179 1084 246 195

68 345 114 411 ‘P.
137 349 237 426 Scipio
266 349 352 408 Pauli
382 349 463 408 filius
487 353 517 407 et
543 348 589 408 bis
617 350 720 408 consul
747 349 807 407 fuit
829 352 859 408 et
886 349 1085 424 triumphavit

67 443 245 498 escensana
272 439 390 498 fisnctus
419 442 516 498 estet
539 439 653 516 collega
680 439 712 495 in
740 457 863 497 censura
891 437 923 495 L.
947 438 1083 496 Mummii

67 521 146 587 fuit'.
193 528 224 586 in
248 528 329 587 omni
349 531 453 598 ‚aulem
476 527 633 587 coniuncto
656 527 681 585 si
704 547 797 585 unum
821 529 866 587 est
888 527 1083 599 mendacium,
1098 541 1124 581 ao

66 617 198 677 etiamsi.
213 621 311 677 cetera
333 636 405 676 vera
428 621 505 692 sunt,
535 619 632 676 totum
660 635 723 676 esse
750 616 938 675 mendacium
965 615 1082 676 dicitur.

66 725 137 765 nam
166 707 191 765 si
219 706 257 766 ad
286 725 321 765 ea
348 706 462 782 omnia,
494 724 570 781 quae
601 705 637 765 de
666 704 803 782 Scipione
833 705 886 765 illo
913 723 985 764 vera
1013 705 1084 780 dixi,

67 795 209 854 addidero
239 789 282 854 ‘et
309 795 510 854 Hannibalem
536 794 568 852 in
592 794 695 853 Africa
725 790 900 870 superavit'‚
931 794 1010 871 quod
1039 797 1084 854 est

66 885 186 960 falsum,
213 883 353 944 universa
380 903 497 960 quoque
520 883 583 959 illa,
615 903 690 959 quae
714 883 869 944 coniuncte
896 883 978 944 dicta
1005 886 1083 957 sunt,

66 977 190 1050 propter
218 973 284 1033 hoc·
303 994 408 1048 unum,
442 973 520 1049 quod
549 973 660 1031 falsum
692 973 860 1048 accesserit,
893 973 965 1048 quia
994 973 1083 1032 simul
1097 987 1123 1029 ss

67 1063 212 1137 dicentur,
233 1066 312 1126 ''vera
341 1082 401 1124 non
431 1065 526 1121 erunt.
573 1065 618 1121 est
646 1061 719 1120 item
749 1061 840 1137 aliud,
870 1063 950 1139 quod
978 1061 1083 1121 Graeci

66 1149 270 1232 διεζευγμένον
292 1149 420 1230 ἀξίωμα,
448 1170 501 1210 nos
524 1150 704 1210 disiunctum
728 1151 861 1210 dicimus.
903 1151 935 1209 id
961 1151 1083 1210 huiusce

66 1239 147 1300 modi
166 1242 224 1300 est:
249 1236 313 1300 ‘aul
335 1242 448 1299 malum
472 1243 516 1299 est
539 1240 678 1316 voluptas
703 1243 756 1298 aul
777 1240 890 1300 bonum
913 1243 966 1299 aut
987 1259 1082 1316 neque

65 1330 176 1389 bonum
208 1349 304 1406 neque
336 1331 449 1389 malum
481 1324 545 1388 est'ss
597 1329 697 1388 omnia
730 1331 830 1388 autem
863 1349 939 1405 quae
971 1330 1082 1388 disiun-

66 1423 186 1497 guntur,
213 1419 380 1496 pugnantia
404 1437 466 1478 esse
493 1418 572 1478 inter
595 1436 657 1477 sese
685 1421 813 1494 oportet,
843 1438 1003 1495 eorumque
1031 1439 1082 1495 op·
1097 1435 1123 1476 eo

64 1508 189 1584 posita,v
208 1527 284 1583 quae
313 1504 499 1586 ἀντικείμενα
522 1506 627 1567 Graeci
660 1507 770 1583 dicunt,
803 1527 838 1566 ea
868 1527 986 1584 quoque
1016 1508 1083 1584 ipsa

65 1597 145 1656 inter
174 1615 211 1655 se,
236 1597 361 1656 adversa
391 1615 461 1657 esse.
512 1616 547 1655 ex
578 1596 723 1670 omnibus,
757 1615 832 1673 quae
863 1597 1082 1676 disiunguntur,

64 1706 158 1744 unum
182 1704 244 1744 esse
267 1705 370 1745 verum
393 1686 489 1760 debet,
517 1687 595 1745 falsa
619 1688 723 1744 cetera,
770 1686 849 1762 quod
873 1686 898 1744 si
927 1689 980 1744 ant
1006 1685 1082 1744 nihil

64 1775 199 1833 omnium
231 1795 334 1834 verum
366 1779 419 1834 auc
450 1775 551 1834 omnia
582 1775 719 1850 plurave,
753 1794 843 1850 quam
875 1795 980 1853 unum,
1012 1794 1083 1834 vera

65 1868 155 1922 erunc
177 1867 231 1922 aul
253 1883 329 1940 quae
357 1864 506 1923 disiuncta
533 1868 610 1938 sunt,
638 1883 697 1922 non
720 1863 898 1941 pugnabunt
926 1867 978 1922 aut
1006 1882 1081 1940 quae
1096 1879 1122 1920 as

64 1953 206 2029 opposita
229 1972 331 2012 eorum
354 1957 431 2024 suni,
455 1953 606 2012 contraria
628 1953 707 2011 inter
730 1971 793 2012 sese
816 1972 876 2011 non
900 1956 994 2024 erunt,
1018 1957 1082 2011 tum

62 2041 96 2100 id
110 2041 293 2118 disiunctum
306 2042 493 2101 mendacium
506 2045 550 2101 est
561 2045 591 2101 et
605 2042 776 2118 appellatur
789 2039 1081 2122 παραὸιεζευγμένον,

63 2131 232 2212 sicutilsoc
255 2136 309 2206 est,
331 2131 450 2206 inquo,
473 2151 549 2207 quae
573 2131 720 2207 opposita,
743 2151 803 2190 non
826 2135 896 2190 sunt
919 2130 1082 2190 contraria:

63 2215 132 2278 ‘aul
150 2220 244 2292 curris
262 2224 316 2279 aut
338 2221 472 2279 ambulas
492 2223 545 2278 aut
563 2216 645 2279 stas'.
683 2240 753 2278 nam
771 2221 838 2296 ipsa
861 2220 982 2296 quidem
1004 2220 1082 2278 inter

62 2329 94 2369 se
119 2309 346 2385 adver-salsum,
376 2309 427 2368 sed
449 2309 588 2385 opposita
616 2329 719 2368 eorum
741 2329 800 2369 non
830 2312 980 2387 pugnant3
1011 2304 1081 2368 ‘non
1095 2324 1122 2364 4ο

62 2394 229 2479 ambulane'
259 2399 338 2456 enim
362 2402 392 2457 et
422 2392 493 2457 ‘non
517 2393 607 2457 stere'
632 2401 662 2457 et
686 2393 756 2457 ‘nou
780 2393 907 2458 currere'
932 2398 1082 2458 conlraria

61 2489 144 2550 inter¹
165 2505 228 2550 sese
251 2506 311 2547 non
335 2491 413 2563 sunt,
436 2487 578 2564 quoniam
601 2487 751 2549 contraria
774 2507 810 2546 ea
832 2488 980 2562 dicuntur,
1004 2506 1081 2562 quae

60 2577 153 2636 simul
176 2595 248 2635 vera
270 2595 332 2636 esse
356 2595 416 2636 non
440 2579 566 2652 queunt3
588 2576 683 2651 possis
707 2576 786 2634 enim
807 2576 896 2634 simul
920 2576 1080 2650 eodemque

60 2670 197 2740 tempore
219 2685 314 2741 neque
338 2665 489 2724 ambulare
512 2683 607 2739 neque
631 2668 709 2724 stare
732 2684 827 2740 neque
851 2683 975 2723 currere.

137 2799 204 2854 Geel.
220 2804 265 2866 16,
280 2804 298 2853 8
317 2817 380 2855 cum
399 2799 430 2852 in
445 2798 609 2868 disciplinas
629 2797 793 2852 dialecticas
811 2797 908 2851 induci
927 2800 1012 2866 alque
1031 2797 1081 2851 im·

59 2870 268 2936 buivellemus,
287 2887 416 2926 necessus
431 2870 487 2924 fuis
506 2870 584 2924 adire
603 2871 688 2937 alque
702 2885 877 2940 cognoscere,
896 2886 966 2937 quas
980 2872 1081 2923 vocant

60 2939 207 2996 dialectici
225 2941 386 3012 εἰσαγωγάς,
426 2944 494 3007 lum,
514 2941 583 3009 quia
600 2942 630 2994 in
648 2941 739 3009 primo
758 2941 822 3010 περὶ
841 2940 1005 3010 ἀξιωμάτων
1024 2941 1081 2995 dis-

60 3013 196 3081 cendum,
220 3029 292 3082 quae
315 3028 428 3067 mvsno
443 3045 469 3052 —
483 3028 588 3078 appensa
611 3013 843 3066 commentarium
867 3013 902 3067 de
924 3012 1080 3081 proloquiis

59 3084 90 3140 L.
112 3084 187 3138 Aelii
215 3084 291 3138 docti
314 3085 448 3151 hominis,
477 3084 526 3152 qui
548 3084 685 3154 magister
702 3083 836 3138 Varronis
859 3084 926 3151 fuit,
955 3084 1080 3138 studiose

59 3155 252 3225 quaesivimus
276 3188 317 3209 -.
355 3157 479 3210 redimus
502 3155 590 3225 igitur
613 3156 770 3209 necessario
789 3155 826 3208 ad
846 3155 965 3209 Graecos
984 3154 1079 3209 libros.

58 3243 95 3281 ex
114 3225 218 3295 quibus
237 3227 396 3296 accepimus
420 3225 528 3295 ἀξίωμα
546 3243 606 3280 esse
625 3226 669 3279 his
689 3226 792 3280 verbis:
822 3227 918 3281 λεκτὸν
937 3225 1081 3290 αὐτοτελὲς

58 3297 232 3368 &adauctos
258 3295 325 3353 ὅσον
351 3295 393 3368 ἐφ’
422 3299 505 3372 αὐτῷ.
543 3298 596 3352 hoc
620 3314 672 3368 ego
696 3297 841 3366 supersedi
866 3300 985 3364 vertere,
1012 3297 1080 3365 qnia

58 3370 139 3432 nonis
159 3372 188 3425 et
206 3368 359 3440 inconditis
377 3369 492 3424 vocibus
511 3370 647 3424 utendum
665 3369 733 3436 fuit,
757 3386 826 3437 quas
849 3369 911 3437 pati
930 3384 1011 3422 aures
1029 3384 1081 3436 per

36 3505 38 3508 y
58 3441 242 3497 insolentiam
256 3441 302 3494 vix
315 3443 437 3510 possent.
454 3441 503 3496 sed
517 3455 627 3496 ΜΝιιπο
635 3472 663 3494 -,
673 3453 731 3509 alxi,
742 3453 902 3506 pacisculum„
911 3439 984 3493 aid.
995 3440 1102 3490 ausam

58 3513 193 3569 Cicerone
212 3513 292 3582 [mec
308 3519 334 3579 1,
349 3512 399 3639 Iff
419 3514 658 3586 pronuntiatum,
681 3532 741 3586 quo
763 3513 819 3570 ille
840 3515 949 3567 lamen
968 3501 1121 3588 socam&

50 3583 190 3649 tantisper
218 3581 260 3635 nti
286 3599 317 3638 se
350 3601 369 3640 a
390 3587 519 3645 testatus
546 3592 609 3662 esc,
639 3589 761 3661 ‘quoad
783 3584 907 3644 melius'
939 3576 1052 3643 'snum
1073 3571 1142 3617 Ἣ·

856 3672 916 3733 l‘d*
