2400 3824
124 182 192 246 534
291 180 498 235 Grammaticus
517 180 621 235 aetatis
639 181 802 250 augustens
819 179 979 250 augmenta

127 350 197 408 dam
216 349 344 427 Pelasgo
369 350 442 407 duce
466 368 529 421 suo,
552 351 605 424 qui
623 348 768 407 Hernicus
791 349 1012 421 nominabatur,
1036 366 1149 406 morem

128 459 216 514 quem
244 439 280 498 de
308 438 429 498 Aetolia
457 440 585 515 legerat,
615 437 751 496 Hernicis
782 437 965 514 adsignavit,
997 438 1053 512 qui
1082 441 1150 495 sunt

99 531 214 587 aveins
237 529 355 588 colonia
375 528 576 604 Pelasgorum.
619 531 649 585 et
667 527 830 586 Hernicum
852 526 973 601 quidem
995 527 1149 585 hominem

126 617 286 695 Pelasgum
314 617 416 675 ducem
441 616 578 674 Hernicis
606 617 697 674 fuisse
724 615 819 674 Iulius
842 615 981 691 Hyginus
1009 615 1043 672 in
1072 615 1148 673 libro

126 707 255 766 secundo
278 706 397 765 urbium
419 725 479 764 non
501 706 604 781 paucis
627 704 725 764 verbis
747 705 863 780 probat.

198 797 322 851 Macrob.
342 799 477 861 5,18,15
496 810 535 857 qui
548 810 674 857 -probat

196 892 212 937 2
231 884 326 952 quoda
344 902 394 939 om.
415 885 506 939 Puris.

565 1002 606 1056 14
647 1001 689 1057 12

193 1098 306 1175 Agylla
323 1099 430 1156 civitas
449 1100 493 1155 est
508 992 671 1155 Tusciae[a
688 992 841 1154 ionditore
855 1095 965 1172 Agalla
983 1098 1145 1172 appellata

126 1189 175 1246 cui
203 1206 238 1245 ex
265 1187 384 1245 inscitia
407 1186 542 1244 Romana
571 1185 653 1244 aliud
681 1188 726 1244 est
753 1185 885 1243 inditum
911 1204 1030 1244 nomen.
1078 1205 1146 1244 nam

126 1295 193 1334 cum
217 1275 345 1333 Romani
373 1278 475 1333 euntes
503 1295 557 1350 per
579 1276 717 1333 Tusciam
743 1276 963 1350 interrogarent
985 1273 1145 1352 Agyllinos

127 1383 203 1440 quae
232 1364 379 1423 diceretur
401 1365 516 1437 civitas,
544 1364 591 1421 illi
614 1366 648 1421 ut
670 1365 740 1439 pote
764 1361 878 1438 Graeci,
909 1363 983 1439 quid
1007 1365 1145 1423 audirent

98 1455 299 1530 signorantes
323 1456 353 1512 et
380 1453 527 1528 optimum
557 1451 697 1511 ducentes
731 1453 758 1510 si
779 1453 865 1527 prius
891 1471 941 1511 eos
969 1453 1143 1526 salutarent

126 1543 264 1600 dixerunt
293 1547 387 1621 χοῆρες
419 1560 509 1616 quam
539 1542 751 1600 salutationem
778 1541 905 1600 Romani
934 1560 1046 1600 nomen
1077 1544 1143 1601 civi-

124 1632 198 1689 tatis
229 1649 292 1691 esse
320 1634 503 1706 putavenmt
531 1633 561 1689 et
588 1631 722 1689 detracta
752 1630 934 1706 aspiratione
961 1649 1030 1689 eam
1056 1631 1142 1689 Caere

125 1722 327 1794 nominarunt,
350 1722 386 1777 ut
408 1719 481 1777 dicit
499 1718 640 1796 Hyginus
662 1721 695 1776 in
716 1719 840 1777 urbibus
862 1719 982 1778 italicis.

195 1810 269 1865 Sero.
284 1811 353 1864 Aeo.
368 1813 396 1876 8,
411 1812 467 1862 597
480 1822 598 1872 Agyna-
607 1823 695 1862 sunem
709 1841 744 1848 —
759 1807 809 1862 alii
823 1807 907 1862 Caere
921 1811 1051 1862 montem
1064 1812 1142 1878 puta·

124 1879 201 1946 bant,
217 1880 253 1935 ab
267 1880 321 1935 hoc
335 1880 472 1949 oppidum
487 1880 601 1934 dictum.
621 1882 656 1946 cf.
667 1881 704 1933 id.
720 1881 787 1933 ebid.
796 1885 840 1945 10,
850 1884 912 1934 183.
932 1880 1034 1935 Strabo
1044 1885 1071 1947 5,
1081 1885 1141 1935 220.

195 1975 212 2022 4
236 1969 338 2022 audies
357 1970 455 2051 Regin.
479 1969 627 2022 audierant
645 1971 723 2037 Lips.
748 1969 839 2021 -erint
861 1985 895 2022 ec
912 1972 1010 2022 -erent
1031 1971 1142 2024 Monac.

125 2064 141 2112 6
164 2059 259 2112 ΧΗΡΕ
279 2059 357 2126 Lips.
382 2053 507 2115 ΧΞΗΡΕ
532 2060 643 2113 Monac.
735 2062 750 2109 ‘l
775 2074 837 2111 cere
927 2063 943 2110 8
968 2059 1019 2128 ign
1046 2061 1142 2129 Regin.

124 2129 218 2199 iginus
237 2131 316 2198 Lipa
336 2130 437 2184 Homb,
457 2129 559 2199 yginus
580 2131 690 2184 Monac.
711 2130 833 2184 Florian.

563 2246 605 2303 15
644 2249 685 2302 11

192 2342 291 2400 Ardea
311 2345 397 2418 quasi
415 2343 509 2401 ardua
522 2373 575 2416 —,
594 2238 666 2400 licbt
680 2238 819 2419 lilyginus
838 2344 870 2400 in
888 2342 1000 2400 italicis
1020 2343 1144 2400 urbibus

125 2431 162 2488 ab
187 2432 312 2509 eugunio
336 2432 400 2491 avis
424 2431 530 2490 ardeae
554 2432 665 2490 dictam
687 2431 769 2489 velit.

196 2512 269 2567 Serv.
289 2513 358 2567 Aen.
380 2517 405 2579 7,
420 2516 475 2567 412
501 2525 578 2567 Ardea
592 2527 656 2575 quael
670 2527 740 2566 ardua
764 2511 841 2565 dicia
865 2512 908 2565 esi
929 2511 961 2564 ld
979 2513 1024 2564 esb
1040 2529 1146 2581 magna

124 2584 153 2636 et
172 2583 284 2650 nobilis,
303 2598 356 2638 uest
369 2617 396 2624 -
410 2599 469 2638 vous.
497 2583 570 2637 illud
589 2599 709 2650 namque
725 2582 818 2636 Ovidii
837 2582 867 2635 in
885 2583 1145 2652 metamorphoseos

125 2654 180 2778 EM,
200 2655 267 2726 574]
292 2654 453 2709 fabulosum
476 2656 532 2720 est,
557 2654 701 2708 incensam
725 2654 760 2707 ab
784 2653 944 2707 Hannibale
966 2653 1094 2708 Ardeam
1117 2654 1146 2707 in

146 2742 198 2778 ano
224 2743 303 2780 avem
327 2743 387 2781 esse
413 2742 584 2780 conversam.
632 2725 776 2780 sciendum
801 2728 896 2778 tamen
921 2725 1037 2779 ardeam
1065 2742 1146 2779 avem

125 2796 199 2850 κατὰ
218 2794 389 2866 ἀντίφρασιν
413 2797 532 2863 dictam,
556 2796 631 2864 quod
649 2796 788 2850 brevitate
807 2813 962 2864 pennarum
982 2796 1072 2850 altius
1091 2814 1146 2850 nou

124 2867 208 2992 yolcgt.
235 2869 271 2934 cf.
284 2869 361 2923 Ouid.
372 2870 449 2935 ibid„
464 2870 512 2938 qui
525 2870 640 2936 fortasoe
650 2869 796 2939 Hyginum
809 2875 916 2923 secutae
930 2874 974 2922 est.
1002 2868 1048 2922 vd.
1064 2871 1147 2924 etiam

141 2940 167 2992 si
187 2980 193 2992 .
212 2956 250 2994 or.
272 2944 315 3006 12,
331 2944 356 3006 7,
369 2945 413 2994 21.

197 3034 212 3080 2
232 3028 346 3081 ardeam
368 3030 445 3098 Ispa.
464 3029 566 3084 Hamb.
587 3029 697 3083 Mortuo.

596 3147 613 3200 1
751 3152 754 3157 ,

191 3241 284 3299 Italia
311 3241 457 3316 Hesperia
488 3143 598 3298 diciibr
619 3146 643 3298 i
662 3136 762 3298 [fiitre
785 3240 927 3313 Atlantis,
958 3241 1012 3316 qui
1040 3243 1148 3318 pulsus

126 3347 143 3386 a
167 3349 310 3407 germano
334 3329 456 3388 Italiam
479 3332 577 3388 tenuit
600 3331 685 3406 eique
708 3349 815 3388 nomen
845 3331 990 3405 pristinae
1012 3331 1148 3408 regionis

124 3419 267 3494 inposuit,
294 3421 329 3476 ut
352 3418 488 3497 Hyginus
513 3419 606 3477 docet.

70 3474 119 3604 ι
193 3500 267 3556 Seru.
287 3501 356 3554 Aea.
373 3504 398 3567 1,
417 3503 472 3554 530
491 3501 614 3552 ceterum
632 3514 700 3553 nana
714 3531 740 3538 -
754 3514 826 3554 aocet.

186 3597 203 3646 3
225 3593 288 3650 doc.
309 3591 387 3667 Hyg.
405 3590 539 3650 nonnulli
557 3587 636 3646 codd.
