2400 3824
421 957 775 1044 GRAMMATICI

302 1184 337 1256 Ο.
366 1183 609 1257 OCTAVIUS
637 1184 898 1257 LAMPADIO

433 1358 472 1422 A.
495 1357 764 1423 TESTIMONIA

85 1447 201 1501 VITAE

45 1587 48 1591 ⁴
161 1560 186 1608 1.
206 1555 282 1624 oripo
301 1553 511 1619 Lampadionis,
530 1558 561 1605 ut
575 1553 705 1606 Archelai
723 1558 748 1606 et
761 1553 921 1620 Philocomi,
940 1554 1109 1622 inconperta

87 1633 133 1680 est.
173 1626 199 1679 si
222 1625 294 1680 enirn
316 1625 346 1676 lii
368 1641 428 1676 uuo
450 1641 512 1677 curn
532 1624 698 1692 Varpunteio
726 1624 835 1678 ‘nostri’
863 1641 881 1676 a
900 1624 1029 1679 Suetonio
1051 1628 1108 1679 sine

93 1699 217 1752 Varrone
236 1697 278 1766 (dc
295 1713 409 1765 pronun.
428 1697 457 1764 2)
476 1702 617 1760 cocuntur,
639 1697 771 1762 quomodo
789 1697 854 1749 haec
872 1696 1053 1765 intelleoeuela
1071 1698 1109 1750 sit

87 1769 248 1837 appellatio,
273 1784 365 1820 uerene
384 1768 549 1835 proprieque
566 1783 620 1835 pro
640 1766 775 1820 Romanis
798 1784 837 1820 au
854 1768 1034 1836 sernipraecis,
1059 1768 1108 1836 qui

88 1840 194 1894 Romae
221 1838 337 1892 Cratetis
363 1839 479 1907 oestipia
502 1838 660 1906 presserint,
688 1839 765 1892 hanel
793 1839 883 1906 liquet.
921 1845 989 1892 certe
1016 1845 1107 1893 tanen

85 1913 173 1980 paulo
190 1917 254 1965 onte
270 1909 417 1964 Suetonius
432 1910 464 1961 in
478 1909 561 1962 Liuio
575 1909 723 1976 Ennioque
738 1910 875 1977 posterius
893 1926 990 1963 nonen
1009 1911 1107 1964 diserte

88 1989 215 2050 usurpat.
234 1982 269 2047 cf.
285 1981 431 2046 Hillscher,
455 1980 549 2034 Flecte.
568 1980 681 2033 Janroo.
701 1983 790 2050 suppl.
811 1984 855 2033 18.
877 1984 951 2035 1892
964 1998 995 2050 p.
1011 1984 1064 2035 364
1083 1988 1108 2036 et

88 2061 185 2108 contra
204 2054 268 2117 Lea,
289 2053 332 2105 Pl.
349 2051 383 2104 F.
397 2069 425 2119 p.
440 2055 477 2105 29
496 2051 561 2106 adn.
582 2055 607 2104 3.
637 2052 670 2103 ele
689 2053 845 2106 Plu'loconto
864 2054 946 2106 etiarn
966 2052 1025 2106 Val.
1048 2052 1106 2107 oar.

87 2133 145 2179 test.
166 2129 184 2177 8
204 2131 228 2178 et
246 2125 337 2177 Lucil.
356 2123 392 2191 fr,
409 2127 451 2177 36.

160 2199 186 2249 2.
202 2195 421 2264 Lampadionem
432 2197 543 2247 incunte
554 2195 609 2260 fere
621 2194 806 2248 Gracchorum
816 2201 904 2249 aetate
919 2198 956 2260 (u.
969 2195 1108 2267 otiante),

87 2275 138 2322 out
161 2268 243 2322 man
267 2266 441 2334 aliquantum
465 2267 592 2333 temporis
615 2273 709 2334 antea,
742 2267 847 2320 clarum
871 2267 1003 2331 extitisse,
1032 2268 1058 2320 si
1075 2283 1109 2320 en

88 2340 220 2394 Suetonio
242 2337 329 2407 (ibid.)
353 2354 386 2391 ac
409 2337 551 2391 Frontone
574 2340 640 2406 (test.
660 2339 695 2406 4.)
720 2339 881 2406 callipirnus
905 2339 983 2408 lonpe
1005 2356 1023 2391 a
1046 2354 1108 2391 uero

86 2427 145 2465 non
177 2410 364 2463 aberrabimus
392 2409 562 2476 (Buecheler,
586 2409 638 2462 Ru.
669 2411 744 2462 Mus.
764 2413 813 2475 40,
836 2411 909 2477 148).
946 2410 1023 2462 harrcl
1041 2415 1109 2463 recte

87 2481 181 2551 Beryto
195 2497 238 2550 op.
254 2486 279 2547 1,
299 2483 353 2533 603
372 2480 436 2533 adn.

86 2585 322 2641 SCRIPTORUM

161 2681 187 2730 3.
220 2675 292 2730 Suet.
319 2675 351 2728 ele
375 2691 415 2744 pr.
439 2679 458 2728 2
491 2678 534 2743 (en
563 2676 697 2744 Varrone)
735 2675 763 2729 Ο,
789 2674 921 2729 Octavius
951 2675 1108 2744 Lampadio

84 2749 268 2820 [dilipentius
294 2748 453 2800 retractauit
480 2764 512 2800 ae
540 2748 649 2816 leyendo
680 2747 935 2816 commentandoque
964 2753 990 2800 et
1016 2749 1109 2801 ceteris

84 2827 183 2875 notun
205 2818 286 2887 fecit]
310 2816 411 2870 Naevii
429 2817 567 2870 Punicum
589 2817 709 2883 bellum,
738 2819 814 2886 quod
836 2835 893 2872 uno
912 2817 1055 2871 volumine
1080 2820 1109 2871 et

85 2889 248 2945 continenti
267 2889 407 2956 scriplum
425 2889 583 2957 expositum
603 2889 701 2942 divisit
718 2890 749 2942 in
768 2892 876 2958 septem
894 2889 989 2944 libros

160 2964 193 3016 ole
206 2963 289 3015 huius
303 2961 434 3014 librorum
448 2961 594 3015 divisionis
606 2962 666 3027 fato
680 2962 714 3027 cf.
726 2962 830 3016 Santra
844 2963 880 3028 fr.
892 2966 908 3015 5
922 2967 947 3014 ct
961 2961 1109 3014 Buecheler

85 3035 154 3088 r‘biol.
174 3037 238 3099 149,
263 3034 312 3100 qui
334 3048 393 3085 ean
415 3032 480 3085 inde
503 3039 611 3086 tanturn
635 3051 652 3086 a
677 3034 847 3088 Caesariana
871 3039 958 3086 aetate
981 3050 999 3085 a
1022 3033 1108 3086 doctis

84 3104 243 3160 horninibus
260 3109 392 3170 receptura
411 3120 465 3157 esse
483 3104 684 3158 eternonstraoit.

159 3181 184 3230 4.
211 3176 320 3229 Fronto
340 3191 370 3242 p.
385 3178 423 3227 20
441 3176 479 3228 N.
518 3175 594 3228 conti
615 3177 670 3229 isse
696 3175 766 3243 quid
792 3173 850 3227 talc
876 3174 912 3227 M.
933 3173 1032 3227 Porcio
1059 3175 1109 3225 aut

86 3247 193 3313 Quinto
212 3246 316 3312 Enni0‚
336 3243 363 3298 C.
380 3243 506 3298 Graccho
527 3248 576 3298 aut
594 3193 669 3298 Titio
688 3249 806 3314 poetae?
826 3246 895 3313 quid
915 3244 1040 3313 Scipioni
1059 3245 1109 3296 out

85 3319 257 3374 NumIdico‘?
290 3315 359 3384 quid
377 3315 414 3369 M.
434 3315 526 3370 Tullio
546 3316 604 3370 talo
623 3335 676 3369 usu
696 3318 789 3371 venit?
822 3333 944 3386 quotum
960 3315 1032 3368 Anti
1046 3331 1112 3384 ois-

84 3391 215 3445 tiosiores
238 3387 378 3441 habentur
399 3390 429 3440 ot
450 3405 590 3443 sommam
613 3388 738 3462 gloriam
759 3390 906 3458 retinent.
928 3389 959 3444 si
975 3388 1048 3444 sciit
1065 3385 1130 3455 (cb

79 3456 461 3524 nampaunnouutstaoorto
471 3465 524 3516 out
535 3507 540 3518 .
553 3507 558 3518 .
572 3508 578 3518 .
592 3509 598 3520 .
610 3466 638 3522 vi
650 3468 703 3523 aut
756 3512 762 3525 ,
775 3514 780 3525 ,
792 3464 944 3524 autAeI'io
960 3499 1084 3520 .......
1092 3455 1150 3508 &A
1175 3457 1195 3496 *θ

64 3527 161 3576 Attico
174 3523 351 3591 aathpotc.
382 3546 451 3585 mcc
465 3537 561 3593 oratIo
578 3541 699 3600 extabit
708 3543 754 3602 M.
766 3541 912 3602 (iacentis
924 3553 1025 3595 mom
1038 3526 1169 3594 wiw-
