2400 3824
129 223 193 288 566
293 223 499 278 Grammaticae
517 223 620 276 aetatis
638 222 800 292 Augusteae
818 223 978 293 fragmenta

200 385 273 439 Fert.
292 402 323 453 p.
342 388 424 450 238⁶,
439 390 474 438 17
499 398 638 447 propudialla
652 410 672 446 p.
688 399 707 437 d.
723 402 766 449 eat,
792 386 824 437 ut
850 384 891 437 ait
911 383 1012 454 (lapillo
1039 385 1149 450 Altius,

129 470 168 518 qui
182 487 209 494 —
223 473 261 510 aa
288 457 392 511 similia
410 461 476 510 ewnt
494 456 572 525 apud
588 456 707 511 Gelliam
721 461 746 522 4,
761 461 778 509 6
797 457 829 509 de
843 457 937 523 pncis
950 457 1150 525 praecidaneis

129 535 154 582 et
166 528 346 593 succidaneis,
359 528 409 580 nbi
422 534 537 582 caterno
551 529 583 580 in
596 529 685 596 capite
694 529 806 596 quintae
822 529 887 581 liter
898 529 988 595 eperia
997 528 1044 581 De
1054 531 1148 596 penti·

128 599 190 664 licie
209 600 268 653 inre
287 600 364 653 Ateii
381 600 552 667 appellatnr;
575 600 668 666 itaque
686 599 750 652 inde
768 605 794 652 et
813 604 898 652 totuin
918 598 1004 652 Gellii
1022 606 1108 667 capnt
1125 606 1150 654 et

128 671 164 736 fn.
176 673 200 724 7.
215 674 234 724 8
246 676 370 739 enecepta
380 687 433 724 esse
447 670 575 724 ndentnn
588 671 633 738 (cf.
645 670 838 735 Ir'retnectnien,
853 671 885 723 de
896 669 964 723 Geli.
974 672 1046 737 font.
1052 688 1084 739 p.
1094 673 1146 739 67).

200 790 214 837 1
234 784 354 854 propudi
373 785 414 838 ait
433 785 489 839 cod.
511 784 704 853 propudianus
722 802 763 854 ep.
784 801 832 838 ein.
852 785 1048 851 Reitzenstein,
1073 786 1147 840 Verr.

128 857 240 911 Ferret.
255 875 285 925 p.
304 861 341 911 29
431 856 480 923 qui
500 855 541 926 in]
561 855 629 922 quin
720 862 735 908 2
755 854 930 924 plumentum

572 1025 621 1082 *9
646 1016 692 1105 l5l

128 1235 148 1293 d
195 1149 317 1222 pulcher
335 1148 388 1207 bos
407 1148 579 1224 appellatur
597 1148 636 1206 ad
657 1149 797 1206 eximiam
819 1149 1062 1226 pinguitudinem
1082 1169 1146 1224 per-

148 1241 242 1296 uetus.

200 1337 272 1390 Fert.
287 1353 318 1404 p.
332 1339 414 1401 238⁶,
429 1341 465 1390 16
482 1350 575 1398 macher
588 1367 614 1375 -
628 1350 752 1398 perductus.
786 1336 818 1390 de
836 1337 917 1390 Ateio
936 1342 1047 1390 anctore
1066 1334 1144 1390 dnti-

128 1409 185 1460 tani
202 1408 250 1461 eia
263 1413 368 1475 potest;
385 1409 420 1474 cf.
440 1409 624 1462 Reitzenstein
637 1425 667 1476 p.
682 1411 726 1461 29.

504 1579 545 1635 10
570 1569 707 1654 [Coniect.
728 1570 762 1654 3]

196 1696 299 1757 Gallus
319 1698 423 1758 Aelius
446 1700 516 1758 1.Π
540 1699 793 1778 significationum
816 1701 982 1774 verborum,
1007 1720 1086 1777 quae
1108 1699 1143 1759 ad

128 1787 175 1845 ins
199 1789 358 1862 pertinent,
382 1791 493 1846 ait-
517 1783 569 1866 [fn.
592 1783 633 1868 5]
676 1792 708 1848 at
732 1789 838 1864 Capito
857 1789 962 1848 Ateius
986 1792 1019 1848 in
1044 1790 1142 1849 eadem

129 1876 248 1952 quidem
268 1880 407 1953 opinione
422 1881 476 1951 est,
496 1879 547 1937 sed
566 1879 700 1953 exemplo
716 1879 838 1937 adiuvat
856 1880 1141 1954 interpretationem.

129 1984 204 2024 cum
227 1967 263 2023 in
287 1967 442 2026 secunda
469 1966 597 2025 tabula
625 1967 779 2026 secunda
807 1969 885 2044 lege
908 1968 1008 2042 inquit
1031 1970 1141 2044 serip-

106 2056 201 2112 ttum
232 2057 286 2114 est
319 2050 362 2133 [2,
382 2050 462 2134 28]
497 2051 601 2131 ‘quid
630 2057 756 2114 horum
786 2057 859 2114 fuit
891 2077 998 2114 unum
1029 2056 1143 2114 iudici

129 2143 315 2203 arbitrove
334 2164 453 2218 reove,
477 2164 515 2204 eo
535 2145 611 2203 dies
631 2145 811 2204 diffensus
830 2140 932 2219 esto',
955 2148 1031 2203 tum
1050 2149 1142 2204 uter·

129 2250 195 2306 que
220 2235 321 2291 actor
347 2252 499 2309 reusque
528 2235 565 2291 in
592 2233 729 2293 iudicio
757 2224 810 2292 rei
837 2237 1014 2293 vocantur
1042 2236 1142 2293 item-

128 2340 195 2396 que
220 2326 408 2382 aceusator
426 2322 467 2381 de
486 2324 546 2382 via
565 2323 659 2381 citur
682 2343 776 2381 more
795 2327 916 2381 vetere
940 2326 974 2382 et
998 2342 1143 2382 consue-

127 2410 252 2470 tudine
276 2413 436 2486 antiqua.

199 2511 272 2563 Fati.
287 2527 321 2578 p.
336 2513 422 2576 2734,
437 2515 472 2565 13
489 2526 553 2565 reus
573 2542 606 2550 —
628 2523 705 2564 Gallus
719 2523 796 2565 Aelius
809 2543 836 2550 —
850 2525 948 2574 antiqua.

201 2631 216 2677 2
232 2624 430 2694 Capitonactue
503 2632 520 2679 4
536 2644 598 2680 cum
612 2629 711 2695 scripsi
727 2626 820 2681 Numa
833 2629 890 2681 coel.
909 2643 976 2679 nam
989 2643 1032 2697 ep.
1104 2627 1146 2679 in·

128 2696 190 2764 quit
205 2697 344 2751 Huschke:
363 2697 393 2749 in
408 2713 464 2764 qua
537 2698 614 2751 teei
628 2698 697 2765 quid
712 2699 739 2750 h.
754 2697 817 2752 fuat
834 2699 975 2752 Turnebus
1049 2698 1145 2751 tdiee

131 2768 285 2822 Tarnetne:
311 2767 356 2821 die
428 2771 489 2822 tum
507 2771 617 2837 saepti:
641 2787 715 2822 nunc
788 2771 953 2822 tactorum
975 2768 1094 2836 reiquae
1117 2769 1145 2822 in

128 2839 234 2892 iudicio
252 2855 297 2893 me
315 2842 430 2893 vocatur
452 2841 509 2894 cort.
535 2843 613 2894 actor
634 2855 754 2907 reusque
779 2841 964 2909 (Anpnetinns
981 2838 1054 2894 Scal.
1076 2841 1145 2903 Ues.)

128 2910 159 2962 in
177 2909 235 2962 iud.
254 2911 295 2965 rei
317 2914 454 2964 vocantur
475 2911 579 2966 OMne.
655 2916 670 2964 8
695 2911 730 2964 de
748 2912 776 2963 vi
795 2911 902 2965 accitur
920 2912 977 2965 ced.
1001 2912 1037 2964 de
1056 2912 1104 2965 via
1123 2928 1144 2964 c.

132 2982 275 3035 Tannebne
293 2981 362 3035 Scal.
388 2982 447 3036 Urs.
521 2999 595 3035 nunc
613 2985 730 3049 uterque
750 2985 827 3036 actor
846 2986 874 3036 et
892 2982 941 3050 qui
959 2982 989 3034 in
1008 2983 1146 3037 iudicium

129 3055 244 3105 vocatur
262 3052 386 3119 itemque
406 3056 552 3106 accusator
570 3071 633 3106 reue
652 3053 755 3106 dicitur
774 3055 926 3108 Monennen

441 3226 481 3280 11
507 3217 567 3300 [De
589 3225 654 3280 inne
676 3223 775 3294 sacrif.
796 3217 830 3300 3]

195 3345 305 3403 rutilae
329 3364 415 3404 canes
439 3345 471 3404 id
495 3349 622 3405 estnon
645 3348 748 3422 procul
772 3368 790 3406 a
810 3347 899 3406 rubro
921 3349 1017 3406 colore
1040 3350 1146 3408 immo-

129 3434 241 3507 lantur,
259 3437 295 3492 ut
314 3436 357 3492 ait
373 3433 480 3493 Ateius
497 3433 613 3510 Capite,
633 3437 752 3496 canario
772 3436 916 3496 sacrificio
935 3455 989 3513 pro
1008 3437 1146 3515 frugibus

129 3522 330 3598 deprecandae
354 3525 498 3582 saevitiae
521 3543 610 3582 causa
633 3525 738 3583 sideris
761 3525 920 3584 caniculae.

192 3623 268 3680 Fert.
282 3641 316 3695 p.
335 3625 420 3693 2850,
439 3625 474 3678 31
493 3637 574 3678 menae
586 3654 612 3662 -
626 3638 747 3678 canente.
