2400 3824
298 160 450 232 Vergilius.
488 161 641 216 Staberius.
680 161 862 232 Hypsicraten
1028 161 1090 225 107

65 320 134 374 ibid.
163 322 218 388 (De
241 321 298 375 luel.
323 321 374 375 litt.
397 325 494 391 supra)
520 323 700 391 probabiliter
726 323 833 394 collepit
860 324 999 377 Hillscber
1027 323 1043 377 l.
1065 339 1087 378 c.

61 408 93 460 p.
110 396 172 445 366.
205 409 267 446 cum
290 400 381 447 autem
404 393 546 448 §teberius
565 396 606 448 M.
622 396 738 448 Iunium
752 396 874 449 Brutum
892 395 1016 448 docuerit
1034 394 1089 463 (De

65 464 124 516 lud.
150 465 201 517 litt.
225 464 313 532 etia),
338 466 388 533 qui
410 482 435 518 a.
457 465 568 535 orosto
592 466 634 520 oel
660 466 770 535 676l7o
795 473 880 520 uatus
904 483 958 520 esse
981 466 1090 520 uidetur

65 535 248 605 (Nipperdey,
266 552 357 604 opusc.
373 537 447 604 301),
471 538 547 591 ultro
570 556 596 590 a.
614 539 671 604 fere
690 537 803 608 689J65
826 555 887 592 eum
910 539 1010 592 clause
1033 554 1089 592 cer·

66 612 126 660 turn
144 613 189 660 est.

65 729 301 785 SCRIPTORUM

138 824 164 874 3.
184 821 291 876 Fronto
312 838 341 889 p.
356 825 394 876 20
403 823 442 876 Ν.
463 849 496 866 =
516 822 674 890 Lampadio
699 826 789 876 teeti
818 823 860 891 (cle
879 823 958 877 libris
976 823 1014 876 acl
1036 823 1088 877 cri·

64 892 148 946 ticam
166 893 302 946 rationem
320 893 479 962 eunoauo
882 933 886 942 -

389 1073 425 1136 Β.
456 1047 766 1138 unnsnnunon

412 1231 462 1284 Du
479 1230 737 1285 PR-OPORTIONE

139 1355 233 1426 Quint.
249 1361 274 1422 1,
290 1361 316 1422 6,
330 1360 348 1409 3
365 1355 499 1425 analogia
512 1357 673 1425 praecipue,
692 1356 918 1425 quamproxime
933 1372 967 1410 ex
981 1355 1087 1410 Graeco

62 1427 266 1568 {raggiolrpntes
294 1425 324 1480 in
347 1426 480 1481 Latinum
503 1427 714 1498 proportionem
736 1429 912 1481 vocaverunt.
951 1430 996 1496 (cf.
1018 1427 1086 1482 Gell.

83 1540 90 1565 1
144 1539 152 1564 1
197 1540 202 1550 ’

131 1615 201 1654 non
231 1613 306 1655 esse
338 1597 542 1672 positiones
574 1597 736 1672 regulae,
770 1615 788 1654 a
816 1596 945 1671 quibus
977 1598 1087 1654 inter·

63 1685 145 1743 dum
169 1685 342 1762 analogio
365 1685 618 1744 calumniatur.

135 1784 224 1838 Prisc.
237 1799 265 1850 p.
281 1787 378 1850 385,1
398 1782 543 1838 Staberius
579 1783 716 1838 staverius
735 1783 825 1855 colla]
850 1783 885 1838 de
903 1784 1086 1853 proportione

62 1855 258 1926 [porportione
276 1855 317 1909 nel
335 1854 464 1924 portione
483 1783 585 1926 conlib
607 1881 753 1910 nonene—
764 1869 920 1920 orrannum,
944 1873 1086 1922 συκοφαν-

62 1935 159 1980 velnae.

393 2184 763 2272 HYPSIORATES

134 2355 168 2408 cle
177 2353 345 2423 Hypsicrate
354 2354 427 2408 nibil
441 2355 521 2408 uliucl
529 2355 596 2409 certi
605 2355 749 2424 proditum
758 2361 797 2409 eet
805 2355 863 2409 nisi
875 2355 1086 2425 yranruraticunr

60 2427 157 2493 fuisse,
184 2427 232 2494 qui
255 2426 288 2480 cle
310 2427 397 2480 uerbis
419 2443 438 2478 a
459 2426 572 2480 Graecis
595 2427 710 2494 acceptis
732 2427 873 2493 scripeerit
895 2442 928 2480 ac
952 2426 1086 2480 Varronis

63 2498 218 2565 Oloatlique
242 2498 306 2568 Veri
328 2503 425 2551 auctor
449 2498 541 2564 suerit.
579 2498 672 2565 itaque
695 2497 820 2552 Sullanis
842 2499 898 2564 fere
921 2497 1086 2563 temporibus

60 2569 252 2640 prarnmoticio
264 2569 366 2623 audiit
379 2569 480 2636 floruit.
509 2574 603 2621 utrum
616 2585 690 2622 unus
704 2569 827 2636 idemque
836 2569 985 2623 Arniscuus
994 2569 1030 2621 sit
1039 2568 1087 2636 qui

60 2641 94 2694 de
112 2641 196 2694 rebus
213 2641 303 2711 pestis,
322 2640 506 2694 deterrarum
523 2640 588 2704 situ,
608 2639 640 2693 cle
655 2640 775 2707 picturis
792 2641 902 2707 aripti
920 2639 965 2708 (cf.
980 2638 1086 2703 Strabo,

59 2712 147 2783 Diop.
168 2712 273 2779 Laert,
292 2711 485 2780 Ps-Luciau.),
503 2711 534 2763 in
553 2711 640 2765 medio
659 2711 791 2778 relinquo.

440 2889 714 2955 FRAGMENTA

564 3044 581 3096 1

130 3147 284 3206 eohortem
306 3147 339 3205 in
359 3147 433 3205 villu
451 3145 646 3220 Hypsicratos
670 3145 743 3204 dicit
767 3164 829 3205 esse
852 3165 956 3223 graece
980 3143 1086 3223 χόρτον

52 3237 144 3315 apud
167 3239 272 3312 poetas
296 3236 416 3295 dictem.

50 3392 53 3397 ,
141 3336 230 3390 Varro
248 3335 281 3390 cle
296 3335 313 3388 l.
328 3335 362 3389 L.
378 3338 404 3401 5,
419 3337 458 3388 88
477 3331 575 3386 cohors
594 3349 667 3399 quae
685 3333 716 3386 in
734 3332 811 3400 villa,
831 3333 906 3400 quod
928 3332 1003 3386 eirca
1021 3348 1086 3386 eum

50 3411 157 3466 locum
179 3422 267 3476 pecus
291 3407 477 3471 coerceretur,
503 3404 618 3458 tametsi
643 3420 758 3459 tonorum
776 3436 810 3444 —
829 3419 920 3459 nciam.
961 3405 999 3470 ct.
1020 3404 1091 3458 Isiu.

91 3483 248 3536 .1591.

50 3500 89 3539 or
126 3519 308 3629 rbpbcrates
323 3565 401 3618 Mor.
479 3566 622 3626 cohorlon
642 3570 689 3629 F:
708 3591 762 3630 ern.
786 3572 943 3631 Turnebus
