2408 3834
117 146 207 201 XXVI
523 144 724 215 Prolegomena

117 313 182 386 υἱὸς
206 311 374 391 Νηλεύς,’
359 313 450 391 ανήρ
463 313 512 374 καλ
534 305 746 391 Ἀριστοτέλους
772 311 956 392 ήκροαμένος
981 313 1032 375 καλ
1058 316 1131 376 Θεο-

118 402 262 510 φράσων,
282 400 503 482 διαδεδεγμένος
519 399 597 461 δὲ
564 423 623 479 την
639 402 839 480 βιβλιοθήκην
856 412 913 463 τοῦ
920 403 1130 481 Θεοφράστου,

92 480 192 552 δέν
173 516 193 577 η
216 484 255 570 ήν
278 490 328 552 καλ
351 488 369 570 ή
394 500 446 552 τοῦ
469 486 695 572 Ἀριστοτέλονς·
720 488 736 552 ό
759 499 833 573 γοῦν
855 485 1051 579 Ἀριστοτέλης
1074 490 1131 571 τήν

118 579 224 642 ἑαυτοῦ
259 578 437 687 Θεοφράστῳ
470 578 713 657 παρέδωκεν-Ι
750 575 937 660 Θεόφραστος
970 579 1002 642 δὲ
1027 584 1136 659 Νηλεῖ

117 668 298 748 παρέδωκεν·
324 663 393 730 ὅδ’
416 671 458 744 εἰς
477 676 602 753 Σκῆψιν
620 670 743 751 κομίσας
761 675 822 742 τοῖς
840 663 902 749 μετ’
928 670 1019 731 αὐτὸν
1041 669 1132 750 παρέ-

119 758 226 835 δωκεν,
251 759 380 831 ἰδιώταις
403 757 586 840 ἀνθρώποις,
609 761 639 818 οἳ
660 759 847 818 κατάκλειστα
870 752 960 843 εἶχον
972 758 1006 818 τὰ
1029 760 1132 839 βιβλία

119 840 184 909 οὐδ’
218 846 359 926 ἐπιμελῶς
392 849 522 926 κείμενα
556 843 656 925 ἐπειδή
685 845 716 907 δὲ
746 844 877 926 ᾔσθοντο
908 847 962 925 τὴν
993 847 1132 926 σπουδὴν

79 950 104 989 1⁰
118 947 177 998 τῶν
202 932 376 997 Ἀτταλικῶν
404 936 591 1015 βασιλέων“
575 960 619 1013 υφ
622 930 704 1009 ὀἷς
732 961 771 1014 ην
797 933 816 1014 ή
840 936 938 1015 πόλις,
962 937 1132 1015 ζητούντων

117 1026 218 1106 βιβλία
245 1027 287 1098 εἰς
314 1026 369 1104 τήν
396 1025 580 1102 κατασκευήν
607 1035 658 1103 τῖγς
686 1025 718 1085 ἐν
747 1025 891 1111 Περγάμῳ
921 1025 1134 1105 βιβλιοθήκης,

118 1114 192 1175 κατὰ
215 1125 270 1196 γῆς
294 1113 430 1196 ἔκρυψαν
453 1114 485 1176 ἐν
509 1115 633 1195 διώρνγί
654 1132 722 1185 τινι·
747 1112 805 1175 ὑπὸ
830 1112 861 1175 δὲ
884 1116 984 1187 νοτίας
1005 1114 1055 1175 καὶ
1080 1133 1132 1192 ση-

119 1214 176 1264 τῶν
213 1204 386 1264 κακωθέντα
419 1202 476 1281 όψέ
506 1227 576 1265 ποτε
608 1201 751 1264 ἀπέδοντο
784 1204 816 1264 οῖ
845 1203 903 1264 ἀπὸ
936 1213 989 1264 τοῦ
1026 1202 1135 1285 γε’νονς

115 1287 319 1354 Ἀπελλικῶντι
342 1299 382 1377 τῷ
402 1295 482 1379 Τηίῳ
505 1297 632 1354 πολλῶν
646 1291 795 1373 ἀργυρίων
816 1292 852 1352 τά
871 1315 899 1352 τε
916 1285 1134 1372 Ἀριστοτέλους

80 1393 104 1432 1⁵
118 1381 168 1442 καλ
190 1382 224 1442 τά
248 1392 300 1442 τοῦ
327 1355 518 1460 Θεοφράστου
542 1384 572 1462 βι
574 1383 653 1462 βλια·
683 1374 721 1458 ήν
750 1379 781 1440 δέ
806 1379 821 1442 δ
839 1385 1017 1442 Λπελλικῶν
1045 1382 1134 1459 φιλό-

118 1474 219 1550 βιβλος
248 1475 357 1549 μᾶλλον
385 1469 404 1551 ή
433 1472 609 1548 φιλόσοφος
641 1470 687 1530 διὸ
714 1469 764 1530 καὶ
796 1473 908 1548 ζητῶν
921 1469 1134 1549 ἐπανόρθωσιν

117 1570 176 1620 τῶν
200 1561 463 1640 διαβρωμάτων’
436 1584 478 1634 εις
501 1559 667 1640 ἀντίγραφα
689 1559 778 1620 καινδι
801 1559 955 1638 μετήνεγκε
971 1558 1039 1637 τὴν
1061 1584 1135 1640 γρα-

119 1650 182 1727 φήν
206 1647 384 1728 ἀναπληρῶν
408 1649 464 1711 οὐκ
487 1642 529 1726 εύ,
555 1648 604 1710 καὶ
623 1647 762 1722 ἐξέδωκεν
780 1647 956 1730 ἁμαρτάδων
980 1647 1079 1728 πλήρη
1099 1649 1134 1710 τά

119 1739 225 1818 βιβλία.
249 1772 294 1781 -
320 1740 397 1800 πολὺ
430 1737 461 1800 δὲ
493 1739 535 1812 εἰς
566 1748 652 1799 τούτο
679 1736 729 1797 καλ
755 1734 774 1816 ή
798 1735 892 1815 Ῥώμη
924 1738 1134 1816 προσελάβετο·

79 1839 105 1877 ²⁰
119 1828 213 1900 εὐθὺς
248 1827 304 1936 γὰρ
345 1827 417 1905 μετὰ
457 1827 514 1907 τήν.
550 1822 774 1906 Ἀπελλικῶντος
815 1825 951 1903 τελευτήν
992 1827 1134 1900 Σύλλας

118 1910 170 1997 ήρε
202 1916 257 1994 τήν
284 1912 511 1990 Ἀπελλικῶντος
538 1916 738 1997 βιβλιοθήκην
771 1912 787 1975 δ
819 1915 870 1987 τάς
895 1909 1027 1992 Ἀθήνας
1059 1914 1133 1976 ἕλιόν

119 2001 161 2087 [ιι.
183 2001 334 2086 668f86]‚
358 2007 446 2095 δεῦρο
475 2003 506 2066 δέ
533 2011 728 2072 κομισθεῖσαν
747 2005 954 2091 Τυραννίων
944 2014 975 2064 τε
999 2001 1014 2064 δ
1037 2026 1129 2084 γραμ·

120 2095 239 2171 μανικὸς
276 2096 462 2174 διεχειρίσατο
500 2086 738 2175 φιλαριστοτέλής
771 2092 826 2171 τόν,
853 2094 1067 2173 θεραπεύσας
1080 2094 1132 2154 τὸν

120 2183 167 2244 ἐπὶ
189 2194 296 2262 τῆςι
266 2184 474 2264 βιβλιοθήκης,
497 2207 547 2243 και
570 2183 765 2262 βιβλιοπῶλαί
785 2205 860 2255 τινες
883 2192 1030 2292 γραφεῦσι
1054 2183 1133 2259 φαύ

80 2285 105 2325 25
120 2278 181 2346 λοις
210 2274 353 2353 χρώμενοι
383 2272 432 2333 καὶ
462 2272 518 2334 ούκ
547 2270 825 2352 ἀντιβάλλοντες,
815 2273 884 2351 όπερ
914 2268 964 2331 καὶ
994 2269 1042 2331 ἐπὶ
1072 2281 1131 2332 τῶν

118 2361 213 2422 ἀλλων
241 2362 397 2441 συμβαίνει
424 2371 483 2422 τῶν
511 2361 562 2434 εἰς
580 2371 689 2442 πρᾶσιν
715 2358 912 2442 γραφομένων
934 2361 1058 2440 βιβλίων
1082 2359 1131 2421 καὶ

118 2449 228 2513 ἐνθάδε
251 2449 300 2511 καὶ
323 2450 356 2511 ἐν
377 2445 585 2533 Ἀλεξανδρεία.
632 2452 708 2510 Ρλκλ.
730 2450 816 2516 Sulla
835 2452 879 2509 26
902 2447 1008 2535 ἐξεῖλεν
1036 2447 1132 2510 ἐαυεῶ

118 2540 173 2619 τήν
193 2534 404 2613 Ἀπελλικῶνος
427 2548 479 2600 τοῦ
505 2541 598 2617 Τηΐου
622 2537 870 2619 βιβλιοθήκην,ἐ
871 2562 889 2597 ν
911 2535 935 2622 ή
954 2536 989 2597 τά
1012 2543 1132 2599 πλεῖστα

118 2640 177 2691 τῶν
196 2624 413 2711 Ἀριστοτέλους
434 2627 483 2690 καλ
510 2624 756 2710 Θεοφράστουι
725 2619 890 2708 βιβλίων
871 2651 925 2709 ην,
945 2624 1040 2687 ούπω
1070 2624 1133 2688 τότὲ

78 2731 104 2770 ³⁰
118 2726 230 2796 σαφῶς
250 2716 448 2800 γνωριζόμενα
478 2716 539 2789 τοῖς
568 2722 694 2789 πολλοῖς
733 2715 850 2797 λέγεται
873 2712 904 2775 δὲ
937 2717 1133 2797 κομισθείσης

118 2807 209 2885 αύτῖγς
233 2806 273 2878 είς
288 2804 403 2884 Ρώμην
424 2807 618 2886 Τυραννίωνα
640 2805 692 2867 τὸν
720 2802 923 2885 γραμματικόν
955 2801 1133 2866 ἐνσκευάσα-Ι

118 2902 191 2956 σθαι
205 2895 346 2955 τὰπολλὰ
364 2894 414 2955 καὶ
432 2890 503 2973 παρ’
524 2895 615 2955 αύτοῶ
633 2893 685 2955 τὸν
699 2889 817 2954 Ῥόδιον
832 2891 1023 2972 Ἀνδρόνικον
1039 2888 1132 2955 ἐύπόΙΙ

119 2986 250 3064 ρήσαντα
276 2994 335 3044 τῶν
363 2981 552 3063 ἀντιγράφων
576 2983 618 3054 εἰς
645 2982 735 3059 μέσον
763 2988 864 3043 θεῖναι
887 2980 1018 3043 καῖ’ἀνα
1018 2984 1133 3064 γράψαι

117 3073 187 3146 τοὺς
209 3075 267 3133 νῦν
290 3071 473 3150 φερομένους
495 3073 621 3144 πίνακας
645 3077 692 3131 τόν.
715 3072 821 3128 eadem
838 3075 894 3141 fere
912 3073 1001 3127 υτοιλῖι
1018 3075 1133 3129 Plutar

78 3174 104 3215 οε
118 3157 166 3211 cho
185 3162 293 3210 auctore
312 3156 396 3209 allato
410 3155 551 3215 βαλάνου.
567 3171 590 3207 υ
606 3153 721 3214 Σύλλας.
753 3169 777 3208 υ.
793 3159 826 3206 23
842 3152 939 3207 τονέπ
918 3153 1014 3222 πλιής
1028 3155 1134 3224 βιβλιο

117 3225 210 3295 θήκης
225 3227 367 3281 Cornelius
380 3225 527 3302 Ερῖεαδιιε
545 3241 598 3279 esse
611 3225 718 3279 υῖδιεινν
735 3225 940 3297 Ηῖλλειλιιτοφ.
950 3228 1005 3280 363
1010 3227 1088 3287 ,αύκ
1096 3227 1132 3295 8).

186 3362 214 3417 4.
240 3358 297 3419 δῖε.
318 3360 352 3418 δε
371 3360 421 3430 fin.
438 3359 467 3426 3,
484 3360 504 3416 7
527 3358 558 3414 in
577 3352 746 3416 Tusculano
766 3376 834 3416 cum
853 3368 947 3416 essem
964 3359 1132 3434 vellemque

95 3464 124 3537 ,θ
146 3447 332 3507 δι’όλίοσύοοο
358 3447 447 3524 pueri
475 3446 621 3520 Luculli
650 3446 828 3523 quibusdam
857 3447 942 3506 libris
973 3449 1033 3522 uti,
1047 3502 1049 3507 .
1063 3449 1133 3506 veni

85 3545 120 3582 ιιι
144 3532 216 3590 eius
239 3537 361 3616 νῖΙΙαω,
385 3542 423 3599 ut
444 3557 495 3601 eos
516 3540 593 3625 ipse,
616 3540 657 3613 αλζ
671 3535 1047 3619 εολοοοωδορεοεαεεαα.
1075 3555 1135 3631 αμα
