2400 3824
344 224 385 279 De
403 224 478 278 ludis
496 225 654 279 litterarum
673 224 702 277 et
720 223 862 294 magistris
1050 224 1114 278 ΧΙΠ

97 396 312 471 Polyhistor
340 395 446 468 tradit,
480 413 568 468 quem
594 392 704 452 Lucius
729 391 812 450 Sulla
840 393 963 451 civitate
991 394 1115 453 donavit
1129 405 1155 444 1⁰

98 479 141 564 [a.
167 478 319 565 cassel}
364 483 441 543 Suet.
465 484 500 542 de
521 501 644 557 prorum
669 484 712 541 20
737 479 767 539 O.
791 481 887 541 lulius
911 482 1050 559 Hyginus
1070 514 1114 523 —

98 574 232 633 studiose
262 576 292 632 et
319 571 416 631 audiit
443 576 474 631 et
499 573 637 630 imitatus
661 574 707 630 est
730 570 935 630 Cornelium
957 571 1113 630 Alexan·

98 663 199 722 drum
223 663 451 741 grammaticum
475 658 634 735 Graecum,
664 679 753 735 quem
775 664 898 736 propter
921 662 1113 736 antiquitatis

97 751 240 811 notitiam
262 750 482 827 Polyhistorem
504 751 604 824 multi,
628 749 750 824 quidam
769 749 936 809 Histon'am
958 750 1113 808 vocabant.

96 851 180 903 99999
201 834 255 888 late
273 834 354 887 cuba
372 831 476 887 Suidac
499 831 546 885 ἐπὶ
563 830 631 884 τάδε
652 831 821 885 extendenda
838 833 907 898 sint,
930 849 962 886 ea
979 848 1023 886 res
1040 832 1116 886 decet

96 905 171 974 quod
189 904 349 958 Alexander
367 903 513 974 prinum
531 903 653 956 instituit
671 903 715 970 (cf.
731 903 837 972 Eppia.
858 908 913 956 test.
928 907 966 972 2).
996 904 1115 958 eiusdem

95 977 127 1029 in
151 977 309 1046 magisterio
334 973 408 1044 ἀκμὴ
432 976 467 1029 ab
490 991 565 1027 anno
588 975 695 1028 circiter
720 976 829 1043 celino
851 977 939 1028 statui
957 981 1058 1042 petest,
1084 976 1115 1027 in

96 1049 249 1118 apitatione
273 1048 426 1101 litterarum
445 1047 588 1113 aliquanta
605 1045 739 1112 posterior
761 1046 804 1112 (cf.
831 1046 933 1116 Upper,
951 1047 1051 1100 Pltilol.
1070 1050 1115 1111 47,

97 1121 216 1187 177sq.).
258 1120 390 1185 reliquias
415 1117 457 1171 ad.
482 1134 526 1185 ap.
553 1118 684 1181 Mueller,
709 1116 805 1170 Fue
824 1120 850 1182 3,
863 1121 963 1184 20099.
1001 1124 1115 1171 ceterum

96 1190 131 1256 ef.
146 1189 293 1255 Schwartz,
308 1189 505 1258 Pauly-Wiss.
523 1188 585 1243 RE
599 1193 623 1253 1,
638 1189 725 1258 144ss
729 1192 774 1241 88.
803 1189 838 1242 ab
857 1205 887 1242 ea
905 1187 1116 1258 distinguendus

95 1278 150 1316 esse
158 1261 269 1315 uidetur
278 1260 438 1314 Alexander
444 1259 643 1327 Peripateticus
654 1258 748 1314 Orassi
755 1261 884 1329 99999909
894 1261 979 1327 (Plut.
991 1261 1115 1325 Crass&

96 1333 131 1398 cs.
155 1333 248 1403 Unger
265 1332 467 1400 etid.182sq.).

167 1456 218 1510 ltoc
235 1462 386 1525 temporum
403 1457 493 1524 spatio
511 1472 613 1525 999999
632 1455 710 1524 apud
724 1453 864 1508 Romanos
883 1456 1045 1509 auanitate
1060 1456 1116 1509 duo

97 1528 184 1584 Stoici
198 1528 355 1597 philosophi
372 1527 527 1592 caluerunt,
543 1528 697 1580 Panaetius
712 1527 827 1580 Oratetis
841 1526 994 1593 discipulus
1008 1529 1117 1594 eiusque

96 1599 211 1654 creditor
229 1599 405 1653 Posidonius.
442 1599 474 1652 de
496 1599 599 1653 circulo
617 1599 755 1667 Scipionis
777 1598 812 1663 cf.
834 1598 887 1652 Oic.
907 1598 940 1651 de
958 1615 996 1652 er.
1013 1601 1115 1663 2154.

170 1709 213 1760 13.
234 1704 266 1759 de
285 1704 516 1774 Lampadione
535 1711 564 1758 et
588 1705 791 1774 Vargunteie
814 1704 849 1770 cf.
869 1704 948 1770 iufra
963 1721 992 1773 p.
1007 1709 1052 1759 21.
1072 1709 1115 1758 50.

167 1823 218 1878 14.
241 1819 319 1879 Suet.
343 1820 379 1879 de
400 1837 524 1894 pratum.
548 1821 570 1877 2
593 1845 635 1865 =
657 1818 751 1878 Varro
774 1822 813 1894 fr.
837 1821 904 1878 320
931 1819 1041 1878 Lucilii
1068 1837 1116 1878 sa-

97 1912 182 1968 turas
202 1910 371 1985 -legisse
395 1928 426 1968 se
451 1907 530 1984 apud
550 1907 767 1966 Archelaum
790 1908 949 1984 Pompeius
972 1908 1116 1986 Lenaeus,

98 1997 178 2074 apud
207 1997 451 2057 Philocomum
475 1997 612 2057 Valerius
637 1996 711 2056 Cato
736 1996 918 2073 praedicant.
960 1998 1115 2052 09919099-

99 2081 143 2134 lao
161 2079 197 2146 cs.
214 2096 243 2148 p.
264 2083 344 2148 5099.
381 2079 414 2133 de
432 2079 589 2133 Pltilocauo
602 2096 632 2148 p.
653 2082 696 2132 51.

168 2194 218 2253 15.
241 2194 298 2254 cu.
313 2195 400 2252 Brut.
410 2195 478 2253 207
490 2225 527 2234 -
544 2195 677 2266 interfui,
692 2213 759 2252 aum
773 2212 867 2252 essem
881 2193 961 2268 apud
974 2193 1117 2252 Aelium

98 2283 273 2342 adulescens
297 2303 423 2358 eumque
442 2282 544 2341 audne
563 2283 748 2358 perstudiose
768 2284 900 2342 solerem.
941 2284 974 2338 de
996 2285 1118 2338 Varrone

97 2364 179 2490 91905ίῄ
198 2363 313 2419 Stilonis
341 2365 476 2432 discipulo
504 2364 547 2418 ad.
573 2365 660 2418 Varro
688 2370 744 2419 teet.
764 2368 788 2418 4.
832 2364 863 2418 de
886 2363 966 2418 Aelio
993 2365 1118 2418 universe

94 2452 124 2504 p.
189 2452 227 2504 99.

169 2553 220 2608 10.
253 2548 330 2609 Suet.
364 2551 399 2608 de
428 2568 552 2623 praeuia.
579 2552 599 2608 3
623 2575 665 2595 =
691 2551 786 2610 Varro
822 2552 861 2623 fr.
890 2551 955 2608 320
993 2549 1117 2625 posthac

99 2632 182 2718 [post
204 2639 242 2698 L.
261 2635 392 2715 Aelium]
422 2638 519 2715 magis
543 2657 577 2698 ao
601 2639 696 2714 magis
721 2640 751 2697 et
774 2640 873 2716 gratia
896 2641 926 2696 et
949 2655 1021 2697 cura
1045 2640 1118 2698 artis

100 2721 338 2807 [preminaticae]
367 2729 508 2802 increvit,
536 2730 570 2785 ut
596 2746 635 2786 ne
649 2726 815 2806 ⁴clarissimi
838 2727 958 2802 quidem
987 2727 1044 2786 viri
1068 2727 1117 2786 ab·

99 2819 264 2876 stinuerint
287 2836 346 2892 quo
369 2819 469 2875 minus
493 2819 523 2874 et
546 2817 606 2892 ipsi
630 2816 746 2891 aliquid
769 2816 805 2875 de
824 2835 859 2876 ea
877 2816 1047 2891 scriberent,
1071 2820 1117 2875 ut·

100 2925 159 2982 que
182 2906 369 2981 temporibus
394 2905 573 2980 quibusdam
597 2923 686 2981 saper
708 2905 818 2984 viginti
846 2906 975 2965 celebres
999 2906 1117 2965 soholso
1146 2921 1157 2961 9

99 2995 193 3055 fuisso
212 2997 245 3053 in
267 2995 340 3054 urbe
358 2995 526 3068 tradantur,
544 2996 642 3069 pretia
660 3014 730 3054 vero
750 2995 1014 3073 grammaticorum
1032 2999 1119 3053 tanta

99 3085 310 3159 mercedesque
337 3087 402 3144 tam
426 3100 566 3160 magnae,
594 3087 629 3143 ut
651 3086 767 3143 constet
789 3084 977 3143 Lutatium
999 3084 1119 3158 Daph-

98 3173 233 3250 nidem,
257 3192 345 3249 quem
364 3172 493 3231 Laevius
511 3173 648 3232 Melissus
671 3191 724 3248 per
747 3173 969 3233 cavillationem
990 3171 1119 3230 nominis

99 3260 205 3334 Πανὸς
238 3258 380 3340 ἀγάπημα
413 3261 498 3334 dicit,
532 3263 728 3339 septingentis
761 3262 882 3321 milibus
914 3280 1068 3320 nummum
1100 3278 1118 3318 9

101 3351 135 3421 Q.
162 3350 270 3409 Catulo
293 3354 426 3427 emptum
449 3350 843 3430 999999199999999199999Ὶ
868 3351 904 3410 in
929 3349 1167 3428 unuieiumn

102 3440 140 3498 ab
159 3439 272 3498 Aeficio
293 3439 415 3499 Caluino
439 3441 542 3518 equite
562 3440 701 3507 Romano
721 3444 899 3526 praediuite
924 3435 1153 3522 sistemate

88 3526 198 3583 annuis
226 3527 408 3590 conductum
443 3536 479 3594 ut
514 3555 586 3600 osee
622 3539 763 3605 doceret.
825 3541 911 3604 Ptin.
935 3555 971 3597 n.
989 3533 1027 3592 n..
1045 3529 1087 3590 Ὗ,
1106 3515 1176 3575 ³²⁸

69 3610 204 3679 pretim
236 3614 373 3680 hominis
406 3623 439 3685 in
478 3635 617 3700 servitio
659 3639 767 3721 geniti
804 3636 1000 3700 maximum
1033 3615 1080 3676 ’ὦ
1106 3605 1198 3660 *⁸⁸⁸²
