2400 3824
422 184 459 238 M.
479 186 627 240 Terentius
646 185 735 240 Varro
1022 187 1087 251 217

139 344 220 400 Oltar.
236 362 265 414 p.
286 351 349 412 107,
362 349 400 400 23
418 348 448 400 et
465 346 530 400 ideo
548 373 576 400 m.
591 362 606 400 r.
625 346 714 401 Varro
734 347 806 400 dixit
824 348 859 402 de
879 348 1014 402 scaenicis
1033 348 1089 402 ori-

62 415 180 485 ginibus
199 448 232 457 -
251 417 344 471 tertio.
370 419 404 484 cf.
423 419 460 484 fr.
476 421 519 471 71.

556 553 598 610 75

133 658 151 714 l.
175 657 240 714 III.
287 658 347 716 ubi
371 659 653 734 compitus·erat
676 659 813 734 aliquis

137 755 212 810 Non.
233 773 264 825 p.
285 761 379 822 196,5
399 757 524 824 compita
547 789 580 795 —
604 757 761 812 masculino
780 757 868 812 Varro
893 758 928 812 de
952 756 1088 811 scaenicis

62 824 222 895 originibus
241 825 289 881 lib.
309 827 360 882 III:
379 829 419 882 uti
434 829 460 867 ὲ
474 842 561 890 anquis.

555 982 597 1037 76

132 1084 224 1142 hunc
247 1085 496 1144 calamistrum

138 1182 219 1237 Citar.
229 1201 260 1309 g
274 1188 320 1250 80,
336 1189 369 1238 11
385 1187 429 1252 (=
445 1186 520 1238 Plin.
536 1184 598 1238 dub.
613 1202 690 1239 serm
702 1203 732 1255 p.
749 1190 793 1251 60,
809 1187 895 1255 1713.)
910 1185 1087 1238 calamistros

63 1252 162 1308 Cicero
182 1255 211 1307 in
254 1257 349 1309 ratore
369 1255 427 1326 [78.
447 1256 574 1310 oratione
592 1257 665 1311 cod.-
683 1274 730 1310 em.
751 1257 913 1328 Fabricius]
932 1256 1088 1311 masculine

62 1325 138 1378 dixit
164 1327 193 1379 et
211 1325 301 1379 Varro
327 1326 362 1379 de
388 1327 525 1380 scaenicis
551 1327 708 1397 originibus
727 1343 748 1381 h.
768 1354 786 1382 c.
810 1329 842 1382 de
867 1330 1024 1383 calamistro
1050 1328 1088 1382 ad

62 1403 231 1466 appmatum
250 1399 405 1452 scaenicum
419 1401 572 1466 pertinenti
593 1401 627 1465 cf.
648 1400 776 1464 Norden,
800 1400 853 1453 Ra.
875 1401 949 1453 Mus.
965 1404 1011 1466 48,
1026 1404 1086 1454 540.

133 1636 396 1712 Triptolemum
554 1553 595 1606 77

136 1735 210 1791 Sere.
230 1737 307 1790 Dan¹
327 1756 351 1806 p.
378 1742 403 1803 1,
424 1741 458 1790 19
477 1736 566 1790 Varro
590 1736 626 1791 de
650 1737 786 1790 scaenicis
810 1736 966 1806 originibus
990 1737 1034 1791 vel
1057 1737 1088 1790 in

63 1805 170 1861 Scauro
196 1807 244 1878 [fr.
267 1808 316 1879 78]
342 1807 547 1876 Triptolemum
574 1807 652 1861 dicit.
699 1809 811 1863 Seruius
835 1810 898 1878 quis
922 1816 1089 1864 monstrator

62 1880 157 1932 aratri
178 1878 265 1944 fuerit
288 1881 420 1948 disputat.
503 1880 664 1934 deductus
687 1880 766 1934 libris
788 1881 838 1934 loc
861 1881 917 1934 loco
940 1881 1088 1947 distinctis,

61 1951 113 2004 udi
132 1950 196 2004 ‘uel’
212 1952 356 2018 particula
370 1968 424 2020 pro
444 1951 490 2005 ‘et’
511 1958 648 2019 unrrpata
666 1957 714 2017 est,
737 1952 772 2017 cf.
792 1952 916 2016 Norden,
935 1952 988 2007 Bb.
1009 1953 1087 2006 Mus.

63 2025 109 2087 48,
125 2024 223 2089 52ssq.
253 2022 377 2090 (Usener,
400 2023 483 2077 Sitrb.
504 2023 529 2076 d.
550 2023 652 2093 Baper.
672 2023 763 2076 Aliud.
783 2023 925 2091 list-phil.
947 2024 985 2077 Ol.
1013 2027 1088 2077 1892

57 2109 89 2161 p.
106 2096 177 2159 604),
208 2094 362 2162 ceteroquin
381 2094 433 2148 isto
452 2096 483 2147 in
500 2111 596 2164 genere
614 2095 723 2147 nullum
741 2095 857 2149 dubium
875 2110 929 2148 esse
942 2099 1040 2164 potest,
1062 2096 1090 2149 si

63 2163 312 2219 animadvertimus
339 2163 475 2219 Scaeuam
503 2167 585 2219 alteri
612 2166 788 2233 inscriptioni
814 2167 997 2235 postpositum
1024 2182 1088 2231 esse,

62 2252 125 2289 cum
148 2236 181 2288 in
204 2235 366 2305 lapistcricis
390 2253 489 2290 nornen
517 2236 636 2290 dominis
660 2254 752 2291 rerum
780 2238 960 2306 appellationi
984 2254 1088 2306 semper

62 2312 181 2373 auisset,
199 2307 272 2361 sicat
291 2308 376 2362 Oatus
395 2307 427 2362 de
445 2309 538 2362 liberis
556 2308 707 2362 educandis
727 2308 811 2363 (luris
830 2309 863 2363 de
881 2309 993 2363 deorum
1011 2310 1087 2363 cultu

65 2377 171 2432 Orestes
189 2378 222 2431 de
240 2380 355 2432 insania
373 2385 419 2433 etc.

494 2600 657 2655 SCAURUS

134 2725 209 2779 bunc
228 2725 414 2796 lepistoricum
432 2727 502 2781 libro
520 2727 565 2792 De
578 2742 667 2780 scaen.
683 2727 750 2797 arip.
765 2726 881 2780 similem
898 2743 953 2781 esse
971 2725 1088 2781 Norden

62 2797 261 2851 demonstrauit
283 2797 348 2864 (Bb.
365 2798 440 2851 Mus.
456 2801 502 2863 48,
517 2799 634 2867 52980).
668 2798 787 2851 eiusdem
804 2800 904 2868 srapm.
924 2800 1088 2868 calleperunt

62 2869 146 2923 Riese
164 2873 189 2922 et
209 2868 350 2937 Chappuis
368 2869 434 2922 ibid.

421 3021 464 3077 78
487 3013 568 3097 [256
590 3020 614 3076 I
632 3015 732 3098 Riese]

132 3125 393 3201 Triptolemum

136 3224 210 3279 Serv.
230 3223 308 3278 Dan.
326 3242 351 3295 p.
367 3226 541 3291 1,19=sr.
557 3229 593 3279 77

463 3377 506 3434 rc
530 3369 686 3456 [25611]

130 3479 229 3540 Varro
255 3483 286 3538 in
315 3481 427 3541 Scauro
459 3481 561 3543 baltea
591 3483 671 3544 dixit
701 3488 733 3546 et
753 3486 897 3547 Tuscum
924 3482 1121 3542 secusium

52 3572 98 3626 ait
120 3585 183 3626 esse
