2400 3824
455 177 599 232 Cornelius
617 178 712 247 Nepos
1027 176 1093 244 409

78 348 160 406 dere
185 346 369 423 Graeciae,
398 348 457 406 sed
481 349 623 406 omnino
645 347 731 406 rude
756 350 863 422 atque
886 349 1094 407 inchoatum

76 441 189 495 morte
224 437 408 496 Ciceronis
444 437 620 496 relictum.
665 436 730 495 ille
763 438 855 495 enim
886 437 959 495 fuit
989 455 1092 513 unns,

79 528 140 601 qui
171 528 335 601 potuerit
362 529 396 584 et
426 527 535 584 etiam
565 525 731 584 debuerit
762 526 954 584 historiam
984 525 1093 603 digna
1121 543 1135 584 c

76 634 162 673 voce
186 617 439 691 pronuntiare,
463 606 599 690 quippe
619 617 680 690 qui
696 614 901 674 'oratoriam
925 615 1093 690 eloquen-

76 705 165 762 tiam
196 705 317 763 rudem
346 725 364 763 a
393 703 592 763 maioribus
625 707 808 780 acceptam
839 703 1093 779 perpoliverit'5

76 794 347 869 philosophiam
378 797 460 852 ante
488 813 563 851 eum
591 794 809 869 incomptam
837 792 1004 851 Latinam
1032 812 1095 852 sua

78 884 317 942 conformarit
335 885 509 942 oratione.
543 902 582 940 ex
599 901 667 957 qno
686 881 825 956 dubito,
843 881 999 941 interitu
1018 885 1094 942 eius

76 974 198 1029 utrum
228 991 283 1030 res
313 972 460 1048 publica
490 992 533 1030 an
565 971 722 1031 historia
751 973 865 1048 magis
896 971 1026 1030 doleat.
1052 991 1137 1032 -ιο

75 1060 238 1136 locuples
280 1081 319 1120 ac
358 1061 482 1120 divina
524 1062 669 1135 natura,
716 1080 782 1135 quo
823 1062 993 1119 maiorem
1038 1063 1095 1119 sui

76 1154 223 1224 pareret
241 1151 518 1209 admirationem
539 1149 870 1225 ponderatioraque
890 1168 955 1209 sua
974 1153 1094 1209 essent

75 1239 271 1312 beneficia,
301 1259 415 1315 neque
443 1242 505 1297 uni
533 1241 652 1297 omnia
676 1239 759 1297 dare
783 1257 846 1297 nec
868 1257 992 1298 rursus
1021 1239 1094 1297 cui·

75 1348 181 1404 quam
205 1329 323 1388 omnia
346 1330 465 1388 voluit
487 1319 626 1406 negare.

149 1428 240 1481 Acon.
262 1427 335 1482 (ἤιά.
355 1428 411 1481 cod.
431 1430 489 1480 278
508 1425 651 1480 Cornelius
670 1425 764 1495 Nepos
783 1426 813 1480 in
831 1425 904 1480 libro
924 1427 958 1480 de
982 1426 1096 1481 histori-

75 1498 117 1551 cis
145 1498 253 1550 Latinis
282 1499 316 1552 de
344 1498 430 1552 laude
457 1496 609 1551 Ciceronis:
642 1524 689 1552 non
710 1512 814 1561 ignorare
837 1530 863 1537 -
881 1513 962 1552 doleas.
1004 1498 1094 1553 idem:

73 1585 176 1631 locuples
189 1602 215 1608 -
229 1595 317 1633 negare.

72 1714 76 1720 ·
150 1683 164 1728 9
185 1676 370 1730 conformavit
388 1677 513 1730 oratione
527 1677 599 1730 eod:
617 1694 664 1730 em.
680 1677 836 1746 Heusinper
914 1683 946 1729 11
967 1675 1097 1746 locuplex

433 1889 617 1944 INGERTAE
637 1888 737 1943 SEDIS

148 2018 180 2069 ia
200 2014 277 2069 libris
296 2015 340 2069 De
359 2015 408 2069 inl.
428 2016 496 2069 ciris
513 2017 572 2069 sice
590 2016 673 2069 dubio
691 2015 805 2080 fueruat
823 2015 858 2081 fr.
874 2020 917 2069 10.
933 2021 975 2069 11.
991 2020 1045 2086 13„
1066 2018 1098 2070 ia

76 2088 147 2141 libro
157 2087 201 2141 De
211 2087 269 2140 cita
280 2087 316 2138 M
317 2129 322 2138 .
337 2087 413 2140 Tulli
423 2087 476 2142 Cic.
487 2089 523 2154 fr.
535 2090 570 2141 12
580 2087 755 2141 verisimilius
764 2093 803 2139 est
810 2087 909 2152 suthem
919 2087 955 2153 fr.
966 2093 1001 2142 14
1011 2090 1096 2142 amba

75 2161 153 2229 picus
175 2165 269 2212 utram
292 2175 325 2212 ea
348 2159 484 2226 peculiari
506 2158 575 2212 libro
594 2160 712 2227 petitam
729 2159 766 2211 sil
785 2156 860 2226 (Leo,
885 2155 981 2229 Biopr.
997 2163 1097 2228 p.193

76 2230 154 2299 ada.)
169 2246 208 2282 aa
221 2246 255 2283 ecc
264 2232 403 2298 prooemio
423 2230 554 2284 librorum
573 2229 605 2283 de
622 2230 809 2299 prammcticis
828 2230 917 2297 (Peter
936 2231 952 2284 l.
968 2247 989 2285 c.
1000 2248 1030 2299 p.
1046 2236 1097 2298 40;

76 2302 112 2368 cf.
132 2301 221 2369 praes.
241 2302 278 2355 ad
296 2301 341 2355 De
359 2302 408 2354 inl.
427 2302 506 2367 oir.);
533 2317 590 2354 meo
613 2302 717 2354 iudicio
735 2300 807 2354 allud
821 2307 953 2368 praestat.
990 2304 1098 2371 reliqua

74 2373 200 2441 frustula
218 2373 307 2440 operis
321 2374 365 2426 De
383 2373 432 2426 inl.
452 2374 502 2425 cir.
522 2373 557 2426 ab
575 2373 731 2426 bominibus
751 2373 878 2426 litteratis
895 2373 989 2427 aliem
1008 2375 1095 2429 omisi.

409 2525 451 2580 10
475 2516 530 2600 [11
548 2523 602 2580 'De
624 2522 675 2581 tal.
699 2516 767 2600 cia]

146 2647 282 2723 quamvis
297 2651 328 2705 et
341 2647 442 2722 Nepos
457 2647 596 2721 aequales
612 2664 713 2705 omnes
730 2643 919 2722 [Terentiana
934 2647 1098 2721 captam

76 2737 267 2810 Africanum,
294 2735 324 2796 0.
344 2729 497 2814 Laelium]
521 2736 613 2794 fuisse
635 2735 738 2794 tradat

150 2835 221 2890 Suet.
241 2837 288 2889 cit.
311 2835 370 2889 Ter.
382 2852 411 2902 p.
426 2838 464 2888 27
478 2834 512 2889 R.
539 2833 586 2887 hic
611 2834 785 2959 [Terenticsss
805 2851 869 2888 cum
894 2835 991 2889 multis
1017 2835 1097 2891 nobi-

76 2906 153 2961 libus
171 2905 352 2960 familiariter
369 2905 448 2971 vixit,
477 2905 526 2960 sed
544 2908 665 2959 maxime
684 2922 748 2960 cnm
788 2906 898 2976 cipione
917 2906 1049 2962 Africano
1069 2910 1098 2961 et

78 2977 106 3032 C.
122 2977 227 3042 Laelio,
247 2977 348 3045 quibus
368 2977 455 3030 etiam
474 2977 596 3046 corporis
615 2977 708 3046 gratia
727 2977 893 3031 conciliatus
913 2978 1096 3034 existimatur.

77 3050 154 3117 quod
174 3051 202 3102 et
220 3050 314 3119 ipsum
333 3047 492 3102 Fenestella
510 3048 605 3119 arguit
628 3048 799 3102 contendens
822 3052 942 3116 utroque
962 3049 1097 3103 maiorem

77 3124 150 3175 natu
168 3120 264 3186 fuisse,
284 3135 426 3182 quamvis-
439 3135 519 3174 tradat.

448 3325 449 3329 a
517 3264 653 3348 11[12]

80 3449 82 3452 .
145 3397 247 3474 Nepos
273 3361 405 3455 'auctore
442 3398 521 3454 certo
559 3397 735 3470 comperisse
768 3412 798 3453 se
831 3397 875 3454 ait
906 3393 936 3453 O.
960 3394 1096 3454 Laelium

76 3486 230 3564 quondam
261 3485 294 3543 in
325 3484 490 3544 Puteolano
523 3483 659 3542 kalendis
690 3483 808 3543 Martiis
840 3483 1026 3543 admonitum
1058 3484 1096 3542 ab

75 3595 182 3649 uxore,
226 3576 388 3650 temperius
429 3576 465 3632 ut
505 3571 715 3648 discumberet,
754 3575 871 3652 petisse
910 3573 952 3631 dn
992 3591 1034 3628 ea.
1067 3589 1113 3624 ne
