2400 3824
483 164 512 216 L.
533 163 645 219 Cincius
1007 164 1070 229 381

54 326 200 380 Lucretius
219 326 287 380 item
306 325 379 378 libro
398 325 423 377 11
442 325 549 397 [1142]:
576 326 639 379 ‘nec
662 324 860 397 (tuditantia)
884 342 944 378 rem
963 326 1073 379 cessant

55 398 229 451 extrinsecus
247 396 356 450 ullam'.
395 397 429 461 cf.
447 396 528 452 OGL
548 398 647 463 V249,
660 399 705 451 23.
730 400 795 461 398,
808 400 835 451 2.

128 511 186 573 leq.
205 505 360 572 suppletum
378 521 412 558 cx
429 505 521 558 Paulo
601 509 616 555 2
636 506 667 557 in
686 504 789 557 laeam
807 503 842 556 de
861 502 954 556 verbis
972 502 1072 571 priscis

53 577 164 643 scripsit
185 577 270 630 Hertz
968 617 971 623 .

494 675 537 730 30
565 667 635 752 [20]

122 799 305 857 vindiciae
325 798 411 856 olim
433 796 649 855 dicebantur
669 796 772 870 illae,
796 815 885 872 quae
904 815 944 854 ex
967 796 1073 854 fundo

55 890 219 962 sumptae
243 889 279 945 in
302 889 357 946 ius
382 886 528 945 adlatae
552 889 662 945 erant.

127 987 200 1040 Fcat.
218 1002 246 1053 p.
262 989 395 1050 376a,16
413 984 553 1038 vindiciae
572 983 752 1053 appellantur
768 999 812 1037 res
831 999 893 1050 eae,
917 984 952 1037 de
971 983 1073 1052 quibus

54 1057 244 1111 controversia
258 1058 313 1121 est;
333 1055 408 1124 quod
426 1056 520 1124 potius
537 1055 642 1108 dicitur
654 1055 696 1108 vis
711 1071 784 1123 quae
798 1055 853 1127 [ius
868 1055 935 1123 quia
954 1055 1023 1126 cod]
1042 1055 1074 1108 fis

54 1129 129 1182 inter
157 1143 212 1194 eos,
240 1127 289 1195 qui
317 1127 497 1181 contendunt.
523 1158 555 1167 -
581 1127 615 1180 de
639 1143 694 1195 quo
717 1125 801 1180 verbo
820 1125 932 1180 Cincius
956 1126 996 1180 sic
1020 1127 1072 1181 ait:

54 1214 166 1253 vinnom
182 1231 215 1238 -
230 1217 298 1253 erant.
327 1201 358 1252 at
376 1197 432 1255 Ser.
451 1198 591 1267 Sulpicius
611 1198 657 1269 [fr.
673 1198 728 1269 12],
758 1199 792 1264 cf.
810 1198 877 1252 Geli.
893 1203 1036 1264 20‚10,7.

130 1313 143 1360 1
163 1306 242 1377 illae]
262 1305 361 1376 glebae
380 1306 492 1360 Resard

477 1460 519 1516 31
549 1451 653 1536 [deest]

123 1583 211 1641 huius
236 1582 383 1657 Sarapis
407 1586 438 1640 et
460 1581 548 1640 huius
571 1582 641 1642 Isis

130 1681 209 1735 Char.
229 1698 256 1748 p.
271 1685 334 1746 132,
348 1684 386 1734 27
403 1679 470 1733 irim
488 1696 539 1749 pro
557 1679 661 1733 Isidem
679 1680 743 1752 [·de
757 1680 827 1750 cod]
843 1679 920 1733 Maro
934 1678 1075 1732 Aeneidos

56 1751 135 1834 Villi
154 1752 195 1876 [g]
226 1751 304 1804 ‘lrim
332 1751 367 1804 de
395 1751 472 1805 caelo
490 1751 578 1834 ‘misit
601 1751 847 1835 Saturnia'luno’,
876 1767 939 1804 cum
965 1752 1075 1833 constet

57 1840 152 1877 omma
190 1839 290 1876 raecae
304 1823 410 1893 figurae
422 1828 595 1877 nominativo
609 1822 746 1893 singulari
760 1839 785 1876 1s
800 1821 910 1890 syllaba
924 1822 1075 1875 terminata

56 1895 189 2019 genetivo
213 1893 349 1964 singulari
373 1893 483 1962 syllaba
507 1911 642 1961 crescere,
666 1893 734 1948 licet
752 1893 840 1948 Varro
865 1895 893 1947 et
911 1891 1021 1946 Tullius
1047 1894 1075 1944 et

79 1965 183 2033 incius,
208 1969 241 2019 ut
265 1966 299 2019 de
323 1965 462 2020 consortio
486 1982 602 2019 casuum
625 1965 746 2019 diximus
772 1965 810 2037 [p.
829 1970 874 2032 89,
892 1965 950 2036 24],
968 1979 1076 2018 huius-

55 2051 99 2091 nn
118 2036 292 2110 (dixerint.)
325 2038 390 2091 baec
407 2039 457 2092 ubi
473 2038 580 2103 fuerint
598 2037 751 2092 diiudicari
768 2053 825 2091 aaa
839 2041 935 2108 potest.

402 2269 513 2323 nuum
532 2246 603 2323 vsu
622 2269 737 2323 risse

391 2423 435 2480 32
458 2416 518 2500 [De
541 2423 617 2479 verb.
637 2440 684 2494 pr.
704 2414 738 2499 2]

125 2544 205 2602 Sere.
228 2544 308 2604 Dua.
331 2565 358 2619 9.
385 2549 471 2614 1,10
495 2571 536 2593 =
563 2545 641 2604 Oine.
665 2545 802 2604 Alimeat.
821 2545 896 2619 p.'7
973 2587 978 2594 ..

296 2763 298 2769 s
480 2707 524 2765 33
547 2699 650 2784 [deest]

126 2830 208 2889 Mar.
234 2831 303 2889 Vict.
322 2848 354 2904 p.
374 2832 426 2897 23,
445 2833 485 2889 14
510 2855 552 2877 =
579 2829 657 2889 Oine.
680 2829 817 2889 Albaent.
835 2833 910 2903 p.2

480 3012 522 3067 34
551 3003 654 3088 [deest]

126 3124 291 3183 silicemios
310 3123 370 3183 dici
389 3125 548 3183 voluerunt
565 3143 649 3184 senes
672 3128 733 3184 iam
751 3127 888 3186 incurvos
908 3129 994 3202 quasi
1011 3129 1071 3184 iam

57 3213 262 3288 sepulcrorum
294 3232 415 3273 suorum
448 3214 546 3273 silices
580 3217 745 3290 cementes;
782 3216 860 3275 unde
892 3219 922 3275 et
955 3214 1073 3275 Cincius

58 3301 231 3360 Alimentus
254 3303 381 3363 historia
399 3303 435 3360 de
454 3301 566 3382 Gorgia
583 3302 730 3363 Leontino
754 3306 856 3364 scribit
877 3303 989 3363 dicens:
1013 3307 1074 3380 qui

58 3390 140 3450 dum
169 3393 239 3449 iam
271 3393 482 3451 silicernius
508 3393 618 3450 finem
646 3395 702 3451 sui
729 3393 903 3470 temporis
930 3412 1073 3469 exspec-

57 3482 170 3553 taret,
194 3483 264 3539 etsi
282 3483 372 3539 mori
394 3501 463 3540 non
485 3482 621 3555 potuit,
644 3483 763 3541 tamen
786 3483 1100 3544 infirmitatibuss

58 3568 250 3629 exultavit.
