2400 3824
416 162 452 216 M.
473 161 618 217 Terentius
638 161 725 216 Varro
1012 160 1075 225 331

62 324 96 378 16
109 325 165 384 fob.
181 328 206 390 3,
217 327 242 378 5.
276 324 347 380 Sero.
366 325 440 395 Verp.
455 343 480 396 9.
492 329 517 390 4,
527 328 590 378 110.
647 329 722 393 usq.
740 322 832 392 Qoiot.
849 327 993 389 12,10,61
1011 322 1077 389 (Cio.

62 397 199 450 1161150.
224 396 328 451 Aaron.
339 398 409 466 prof.
420 397 510 451 Βανά.
519 396 601 450 XXI
607 400 643 449 16
648 417 658 461 ,·
671 402 741 466 prot.
752 402 804 449 oet.
817 395 895 449 VIII
902 400 951 460 19;
965 411 1004 463 ep.
1013 395 1079 448 XII

63 473 141 537 IOsq.
157 469 209 537 R).
239 472 271 520 17
278 485 315 536 sq.
331 469 365 535 of.
382 469 470 523 Varro
488 468 524 534 fr.
540 471 583 521 58.
618 467 880 533 Moorob.1,5,11.
915 465 969 520 oa.
989 466 1021 520 de
1039 483 1078 520 or.

61 542 160 604 2,155.
185 544 249 594 tuso.
261 543 286 606 4,
297 542 321 593 5.
347 539 425 594 acad.
438 542 615 607 post.2,137.
641 539 678 592 ad
693 539 894 604 Α11.12,23,2.
919 539 993 591 Prot.
1010 536 1077 592 cato

64 628 118 664 mo.
129 615 167 665 22
182 611 267 678 (Plio.
282 629 309 664 a.
320 612 345 664 b.
358 615 466 678 7,112).
496 611 605 665 Aetion.
621 611 680 664 ab.
692 614 770 675 3,17.
799 609 878 664 Loot.
893 609 919 662 d.
930 610 949 662 1.
965 612 1079 674 5,14,3.

62 683 129 736 boos
144 681 182 735 od
201 682 228 736 V
242 681 342 737 libram
356 683 400 736 Do
413 699 490 737 eorm.
507 681 570 736 Lot.
586 683 683 737 collato
697 683 733 748 fr.
745 686 781 736 Io
796 681 931 750 pertiaero
944 680 1079 734 videntur.

135 785 150 832 3
170 779 317 849 apponiox.
338 780 405 848 (dno
421 780 517 848 Votis.)
537 795 593 833 non
607 795 705 834 meoon
720 780 795 834 codd.
817 780 876 848 (om.
893 777 1079 849 Lopd-Bot.):

62 869 111 906 om.
131 851 344 907 IFGronovius
415 867 522 918 nosque
537 851 623 906 Votis.
707 855 740 905 19
760 850 791 904 R.
811 850 876 904 odd.
897 851 983 904 Hertz
1002 849 1080 904 dobi-

62 931 141 990 toas,·
150 923 204 979 aad.
215 924 250 990 of.
263 923 330 978 Gall.
342 927 385 989 17,
395 927 440 989 21,
448 927 484 977 49
567 921 731 992 legaverunt
741 921 909 992 imperatum
918 921 1080 992 largit-Bot.

62 1001 96 1048 20
115 993 656 1065 1611161611-1616161111911111
673 995 758 1048 Vallo.
815 999 848 1046 24
868 991 968 1046 eaoilio
987 993 1079 1048 Poris.

62 1065 161 1120 cecilio
180 1067 342 1137 LopbBot.
360 1067 445 1120 Voti‘o.
465 1064 559 1119 Caelio
579 1066 741 1120 Macrobius

151 1271 196 1325 III.
217 1271 420 1326 VERBORUM
440 1270 621 1325 ORIGINUM
642 1269 990 1325 EXPLICATIONUMVE

134 1398 167 1451 do
185 1397 335 1464 disciplina
352 1398 493 1452 uerborum
512 1397 630 1468 oripiaob
648 1397 725 1465 opud
743 1398 871 1465 autbouos
885 1397 919 1461 os.
930 1396 1080 1463 Woelfflia,

61 1469 144 1524 Arob.
163 1470 184 1534 f.
204 1470 269 1524 Lat.
293 1470 361 1523 Lex.
381 1472 409 1534 8,
423 1473 558 1523 Iao-Io.
579 1472 715 1522 561-85.
762 1467 910 1533 Stoiotbol,
936 1467 1029 1522 Gesob.
1053 1467 1079 1521 1.

62 1540 200 1609 Sproobw.
221 1541 331 1610 (Berlin
345 1542 428 1609 1891)
449 1545 473 1606 1,
488 1544 583 1608 3318‘1·

61 1681 338 1736 PRAENOMINUM

536 1782 601 1839 323

130 1888 225 1947 Varro
255 1886 404 1963 simplicia
427 1888 459 1946 in
481 1887 573 1946 Italia
600 1887 722 1945 nomina
749 1886 839 1946 fuisse
864 1885 906 1945 ait
930 1888 1081 1946 existima·

65 1976 216 2054 tionisque
235 1996 305 2037 suae
324 1979 533 2055 argumentum
550 1975 650 2051 refert,
670 1975 750 2052 quod
763 1975 908 2035 Romulus
926 1977 956 2034 61
970 1975 1081 2036 Remus

62 2067 93 2126 et
124 2065 286 2126 Faustulus
319 2085 414 2142 neque
446 2084 626 2141 praenomen
661 2065 756 2124 ullum
788 2083 884 2142 neque
917 2082 1081 2142 cognomen

62 2155 231 2214 habuerint.
259 2188 304 2197 —
333 2155 483 2216 Romanos
514 2157 612 2214 autem
644 2153 848 2214 arbitrandum
879 2156 924 2212 661
953 2155 1080 2213 maxime

62 2244 100 2304 ab
129 2244 254 2304 Albanis
288 2246 318 2304 61
348 2244 467 2304 Sabinis
498 2243 795 2320 multiplicandorum
827 2245 980 2303 nominum
1013 2262 1080 2303 oon·
1109 2264 1121 2305 s

63 2333 253 2394 suetudinem
280 2335 418 2408 maxiem,
448 2335 591 2410 qnoniam
619 2333 656 2392 ab
683 2333 745 2392 illis
769 2335 828 2392 orti
856 2335 934 2392 sunt.
981 2335 1081 2393 omnia

62 2427 172 2497 antem,
201 2443 277 2499 quae
300 2423 338 2482 ad
361 2443 454 2482 unum
477 2441 624 2499 quemque
652 2426 787 2481 nostrum
811 2421 1010 2480 definiendum
1033 2441 1080 2481 ex-

62 2512 198 2591 cogitata
221 2515 304 2586 sunt,
336 2512 459 2572 eandem
483 2512 544 2572 vim
569 2510 756 2590 significandi
782 2511 912 2571 hominis
936 2510 1079 2570 obtinent.

61 2601 143 2680 quod
162 2601 281 2679 proprie
298 2603 360 2661 tals
375 2601 493 2675 dieitur,
512 2602 567 2660 hoo
582 2600 683 2675 distat,
703 2601 774 2676 quia
789 2618 822 2658 eo
838 2619 910 2678 gens
929 2601 1080 2677 cognosci·

62 2695 125 2765 tur,
148 2691 274 2768 ideoque
298 2691 408 2750 dieitur
431 2689 624 2770 gentilicium.
665 2692 763 2749 oetera
786 2689 888 2750 ordisse
912 2689 1080 2766 variantur3
1095 2711 1121 2752 ro

61 2800 135 2840 nam
172 2780 251 2856 quod
292 2783 487 2857 praeponitur
526 2798 722 2855 praenomen,
764 2777 844 2855 quod
879 2781 949 2855 post
986 2779 1082 2838 fertur

62 2889 238 2949 cognomen,
268 2869 348 2946 quod
370 2870 409 2928 ad
432 2869 581 2943 ultimum,
609 2868 718 2928 dieitur
741 2887 895 2946 agnomen.
922 2900 959 2910 -
985 2871 1080 2948 genti·

61 2961 136 3020 lisia
159 2961 282 3019 nomina
304 2960 400 3019 Varro
428 2961 517 3035 putat
544 2959 634 3018 fuisse
662 2977 784 3017 numero
809 2973 860 3032 00,
888 2958 1081 3035 praenomina

61 3049 142 3109 oiroa
157 3049 247 3107 XXX.
262 3047 363 3124 pueris
381 3068 441 3107 non
459 3049 543 3125 prius
560 3068 652 3125 quam
670 3050 773 3126 togam
787 3048 905 3107 viritem
923 3051 1081 3124 sumerent,

61 3137 172 3216 puellis
191 3157 251 3197 non
271 3140 341 3198 ante
360 3156 450 3213 quam
473 3137 620 3197 nuberent
641 3139 836 3214 praenomina
856 3138 971 3213 imponi
989 3139 1080 3198 moris
1096 3158 1120 3200 io

61 3228 157 3304 fnisse
190 3226 223 3297 Q.
248 3227 391 3287 Scaevola
424 3231 529 3287 auotor
561 3230 613 3287 est.
672 3245 749 3303 quae
783 3227 853 3285 oIIm
886 3229 1080 3302 praenomina

61 3319 199 3392 fuerunt,
237 3335 315 3376 nuno
352 3318 528 3394 cognomina
564 3318 649 3390 sunt,
685 3319 719 3374 ut
753 3315 911 3376 Postumus
943 3315 1080 3394 Agn'ppa

61 3406 207 3467 Proculus
231 3404 348 3466 Caesar.

135 3507 195 3560 Iao.
215 3505 247 3558 dt
261 3522 402 3574 praenom.
423 3508 493 3559 1-3
511 3519 584 3559 Verso
597 3536 623 3543 -
636 3517 762 3559 hebuertnt
799 3502 848 3570 qui
866 3501 902 3556 ab
921 3519 953 3556 00
974 3503 1079 3558 dissen-

61 3576 140 3632 tiunt
163 3576 243 3630 aiunt
260 3577 378 3631 matrem
402 3593 497 3632 sorum
517 3575 606 3633 Reum
623 3574 745 3632 Siluium
764 3577 917 3642 renatam,
936 3591 1028 3627 arum
1037 3571 1098 3622 Su-
