2400 3824
78 151 117 214 16
395 150 602 204 Grammatioae
620 150 775 219 primordia

148 312 255 367 Censor.
279 312 305 366 d.
329 329 356 364 a.
380 314 459 377 22,9
487 313 530 380 (aa
553 311 686 378 Varrone)
712 323 805 365 nomme
820 342 853 350 -
866 336 966 364 numero.
1004 311 1089 365 Varro

75 382 108 438 de
130 384 147 436 l.
168 385 202 438 L.
218 388 244 448 6,
259 387 294 437 33
322 383 428 452 primus
458 383 580 453 [mensis]
607 381 751 448 aMarte;
786 383 938 449 secundus,
970 383 1003 435 ut
1028 381 1090 435 rul-

75 455 137 506 vius
162 454 260 508 scribit
284 455 312 507 et
334 453 443 519 Iunius,
472 470 489 506 a
512 453 633 518 Venere,
657 452 732 520 quod
756 469 790 506 ea
814 453 851 506 sit
867 449 1027 522 Ἀφροδίτη
1046 475 1091 518 -;

74 526 175 578 tertius
195 542 212 579 a
230 525 383 579 maioribus
402 525 502 590 Maius,
523 526 639 593 quartus
659 541 676 577 a
694 523 850 579 iunioribus
874 524 967 578 dictus
989 524 1091 578 lunius.

75 596 178 650 dehinc
197 598 312 666 quintus
332 596 465 662 Quintilis
484 598 513 649 et
532 597 572 649 sio
591 596 724 664 deinceps
744 613 833 663 usque
857 595 893 649 ad
911 595 1094 650 Decembrem

75 685 94 721 a
111 685 234 723 numero.
264 670 389 722 Macrob.
410 671 499 733 1,12,
519 672 535 720 5
559 668 629 720 haec
652 667 707 719 luit
730 667 843 721 Romuli
867 667 1023 735 ordinatio,
1046 667 1093 734 qui

75 739 197 808 primum
220 740 288 793 anni
310 755 434 792 mensem
452 739 574 806 genitori
597 756 647 792 suo
671 737 756 792 Marti
775 739 881 792 dicavit
899 743 918 792 8
941 737 1095 792 secundum

74 827 200 864 mensem
213 811 369 865 nominavit
383 809 517 879 Aprilem,
537 812 569 862 ut
583 809 699 877 quidem
713 811 824 876 putant,
844 827 907 862 cum
922 810 1096 878 aspiratione

75 882 158 949 quasi
181 882 339 951 Aphrilem,
366 898 383 934 a
409 898 508 950 spuma
531 897 616 950 quam
638 880 737 934 Graeci
763 880 858 949 ἀφρόν
881 883 994 946 vocant,
1021 881 1096 934 unde

75 955 137 1007 orta
146 953 241 1007 Venus
256 953 379 1006 creditur
393 953 454 1023 [Oa.
468 955 533 1019 fust.
544 957 569 1018 4,
581 957 624 1005 61.
649 953 721 1021 Lyd.
736 954 769 1006 ole
781 970 863 1006 meus.
879 953 1035 1024 sparsim}
1061 957 1097 1006 16

78 1024 186 1076 Maium
199 1024 334 1078 Romulus
352 1025 469 1078 tertium
482 1024 585 1092 posuit,
606 1023 640 1076 de
659 1024 738 1077 ouius
752 1024 864 1078 nomine
879 1024 953 1076 inter
968 1026 1097 1078 auctores

76 1095 291 1166 lataydissensio
311 1097 361 1149 est.
399 1112 465 1148 nam
483 1095 597 1147 Fulvius
616 1093 745 1149 Nobilior
767 1095 801 1147 in
825 1095 931 1148 fastis
956 1112 1040 1163 quos
1063 1095 1098 1148 in

75 1167 159 1220 aede
183 1166 341 1221 Herculis
365 1167 535 1219 Musarum
555 1167 601 1236 [cf.
622 1167 697 1220 Plio.
717 1185 744 1219 a.
763 1167 789 1220 h.
809 1171 854 1231 35,
869 1171 912 1220 66.
941 1167 986 1221 De
1005 1168 1098 1233 Rosci,

76 1239 140 1293 tall.
160 1240 274 1293 arobeol.
292 1243 366 1292 1869
381 1256 410 1307 p.
426 1239 455 1308 3]
474 1238 591 1306 posuit
610 1237 761 1291 Romulum
780 1237 857 1301 dicit,
877 1239 1029 1307 postquam
1048 1255 1099 1306 po-

74 1309 173 1378 pulum
192 1309 222 1362 in
240 1310 360 1363 maiores
378 1310 556 1376 iunioresque
581 1309 688 1376 divisit,
715 1311 747 1362 nt
772 1308 863 1362 altera
888 1325 954 1376 pars
979 1308 1098 1363 consilio

76 1380 167 1433 altera
186 1381 270 1433 armis
284 1380 488 1450 rempublicam
502 1382 635 1446 tueretur,
655 1380 684 1432 in
699 1379 832 1434 honorem
846 1381 992 1448 utriusque
1007 1381 1099 1448 partis

75 1451 150 1505 hunc
160 1451 275 1518 Maium,
290 1454 453 1519 sequentem
461 1451 573 1504 Iunium
582 1467 707 1504 mensem
717 1467 837 1505 vocasse.
858 1453 893 1518 cf.
909 1451 998 1506 Varro
1009 1453 1098 1518 iufra.

77 1523 190 1577 Cincius
208 1527 243 1590 fr.
260 1528 284 1578 6.
316 1523 393 1578 ovid.
407 1525 471 1590 fast.
492 1528 517 1587 1,
532 1527 575 1575 41.
596 1528 622 1588 5,
637 1528 652 1576 1
667 1540 704 1591 eq.
721 1526 783 1576 427.
817 1523 889 1577 Fert.
904 1540 936 1592 p.
956 1527 1037 1589 134⁶,
1050 1528 1098 1578 27.

77 1596 152 1649 Plut.
173 1595 258 1649 Num.
278 1599 321 1648 19.
350 1596 422 1650 Suet.
442 1596 498 1648 rell.
514 1612 544 1663 p.
560 1598 615 1647 163
629 1596 664 1648 R.
693 1595 762 1648 Isioi.
782 1612 820 1649 or.
836 1599 863 1659 5,
877 1599 921 1660 33,
937 1599 1001 1662 5eq.
1023 1594 1098 1664 Lyd.

77 1667 109 1720 de
135 1683 216 1720 ccccm
236 1671 262 1730 4,
277 1670 320 1720 56.
365 1667 482 1736 Aapust.
509 1672 605 1720 contra
626 1665 763 1720 Faustum
783 1671 828 1732 18,
843 1670 868 1719 5.
910 1667 960 1720 cio.
980 1667 1007 1719 d.
1029 1671 1054 1732 7,
1072 1670 1099 1720 7.

76 1738 148 1792 Sero.
167 1741 292 1807 9.1,43.
330 1737 444 1791 Cassiod
461 1755 520 1791 oar.
540 1743 565 1802 1,
581 1741 624 1791 35.
659 1738 744 1792 OGL
760 1738 804 1791 VI
819 1742 880 1791 535.

149 1830 162 1878 l
183 1826 328 1894 usquead
348 1827 434 1880 Velio.
454 1830 527 1880 4498
547 1833 572 1880 et
590 1827 684 1880 Iacuit.

571 1979 594 2035 2

144 2083 182 2141 ad
201 2084 254 2142 hos
274 2078 383 2162 [decem
400 2077 526 2162 meuses]
548 2084 601 2159 qui
620 2082 725 2156 additi,
748 2085 831 2158 prior
850 2102 868 2141 a
887 2084 1022 2160 principe
1042 2084 1098 2143 deo

77 2171 236 2231 Ianuarius
262 2173 440 2248 appellatus,
467 2174 623 2248 posterior,
651 2176 686 2230 ut
709 2172 788 2230 idem
811 2173 915 2230 dicunt
938 2175 1099 2248 scriptores

77 2254 219 2339 [Fuluius
234 2266 259 2319 et
274 2263 392 2336 Iunius,
416 2265 452 2335 cf.
467 2263 536 2319 Iun.
551 2263 590 2334 fr.
603 2255 645 2339 6],
666 2262 702 2319 ab
721 2261 778 2319 diis
797 2261 901 2320 inferis
915 2262 1098 2322 Februarius

79 2351 257 2426 appellatus
282 2350 361 2426 quod
384 2354 449 2408 tum
467 2351 513 2409 his
537 2353 719 2426 parentetur.

154 2450 242 2504 Varro
261 2449 293 2503 de
316 2451 334 2503 l.
354 2449 387 2502 L.
408 2454 433 2514 6,
448 2453 482 2502 34
511 2463 540 2502 ar
558 2464 599 2502 nos
619 2480 652 2488 -
670 2466 804 2510 parentent.
838 2450 873 2515 cf.
898 2450 986 2504 Varro
1009 2451 1098 2516 iufra.

149 2543 166 2590 4
185 2539 333 2607 parentur:
352 2556 399 2593 em.
419 2555 460 2608 op.

436 2832 733 2918 IUVENTIUS

410 3035 459 3088 EX
477 3034 636 3088 INOERTA
655 3035 801 3089 FABULA

370 3181 472 3264 [SRP
487 3187 531 3244 Π
541 3189 584 3245 96
605 3187 633 3246 V
651 3178 805 3265 Rrooecel]

146 3293 336 3370 scruppidam
358 3325 400 3333 —
418 3293 574 3352 Iuventius
597 3295 727 3353 comicus
751 3293 868 3352 dicebat
891 3313 910 3352 a
931 3295 1099 3383 vermiculo

78 3383 185 3458 piloso,
208 3385 261 3459 qni
284 3383 360 3442 solet
383 3401 444 3444 esse
468 3382 500 3439 in
522 3382 628 3440 fronde
651 3402 718 3441 cum
741 3383 845 3442 multis
869 3383 1001 3458 pedibus.

142 3481 233 3534 Vana
254 3482 324 3536 del.
345 3483 380 3536 L
404 3487 434 3550 7,
450 3487 489 3538 65
510 3496 658 3547 sompnium
680 3481 812 3536 Aurelius
832 3482 885 3552 lfs.
904 3482 966 3550 lbl,
982 3496 1106 3536 runcinus

37 3559 206 3613 -vasam
235 3551 366 3608 Valerius
383 3555 437 3627 [fr.
451 3556 496 3629 2}
530 3557 568 3626 cf.
591 3559 666 3613 Aur.
689 3555 742 3626 Op.
760 3556 781 3608 1.
795 3571 819 3608 c.
