2400 3824
420 203 457 257 Μ.
476 203 623 258 Terentius
641 204 730 260 Varro
1018 206 1080 270 197

501 375 546 432 26
585 377 626 432 11

132 478 228 539 Varro
248 478 283 538 de
301 479 407 557 lingua
425 479 535 539 Latina
554 367 598 539 alc
620 367 695 540 Halia
719 501 754 539 ex
774 479 885 540 Graeco
910 483 1029 557 sumpta
1048 501 1083 541 er

63 568 230 628 masculino
244 568 275 626 in
290 569 469 628 femininum
487 572 615 629 transire
629 573 660 628 et
674 590 691 628 a
704 571 808 629 littera
823 569 917 628 finiri:
936 566 952 629 ὁ
965 569 1083 649 κοχλίας

62 658 138 717 haec
151 658 281 733 cochlea,
296 653 430 737 ὁχάρτης
443 658 517 718 haec
531 659 643 733 charta,
658 656 838 738 ὁγαυσάπης
852 660 926 719 haec
940 678 1081 736 gausapa.

136 757 224 811 Prae.
241 774 269 825 p.
290 760 385 823 333,9
411 757 601 824 antiquissimi
625 759 707 812 —et
729 757 777 812 hic
799 773 937 826 gausapae
961 759 990 810 et
1012 757 1082 811 haec

63 843 190 897 gausapa
209 831 237 880 et
255 827 309 882 hoc
327 843 452 897 gausape
476 831 505 882 et
523 827 632 898 plurale
655 829 748 882 neutri
766 829 837 882 haec
856 844 983 899 gausapa
1001 828 1082 896 quasi

63 916 81 952 a
99 899 274 953 nominativo
297 899 350 966 hoc
369 915 526 970 gausapum
544 899 695 968 protulisse
713 899 900 966 inveniuntur,
923 900 998 953 unde
1017 898 1083 953 Cas·

62 971 122 1023 sius
142 969 179 1024 ad
198 969 404 1025 Maecenatem:
427 971 564 1041 ‘gausape
582 987 723 1040 purpureo
743 971 903 1026 salutatus’.
927 986 1000 1026 Varro
1018 988 1082 1025 vero

62 1056 91 1096 de
109 1057 189 1106 lingua
207 1073 234 1081 -
252 1057 308 1096 haec
327 1067 432 1106 gausapa.
475 1042 555 1096 Char.
580 1060 607 1111 p.
629 1047 723 1108 104,9
752 1045 796 1112 (=
816 1043 893 1097 Ptin.
918 1042 980 1097 dab.
1003 1059 1081 1098 wrm.

59 1132 89 1183 p.
106 1118 151 1181 67,
165 1115 255 1183 21Β.)
273 1129 401 1183 gausapa
421 1113 537 1168 Ovidius
556 1114 722 1167 neutraliter
741 1114 813 1167 dixit
832 1115 892 1186 [ars
910 1132 962 1168 aaa.
974 1117 1002 1181 2,
1015 1114 1082 1237 300]

64 1185 205 1254 ‘gausapa
224 1185 248 1238 si
267 1185 400 1253 sumpsit,
424 1201 552 1255 gausapa
571 1186 704 1254 sumpta',
733 1188 761 1239 et
780 1184 892 1240 Cassius
911 1185 1027 1239 Severus
1045 1203 1062 1238 a

63 1255 258 1310 Maecenatem
283 1256 420 1325 ‘gausapo
444 1273 584 1325 purpureo
609 1257 768 1310 salutatus’.
812 1257 861 1310 sed
885 1259 1028 1327 Augustus
1052 1256 1082 1310 in

62 1329 260 1398 testamentos
277 1328 437 1398 ‘gausapae
465 1327 571 1383 lodices
598 1343 752 1396 purpureas
781 1330 810 1382 et
838 1327 955 1382 colonas
983 1329 1081 1382 meas’.

62 1397 152 1452 Varro
176 1401 271 1453 autem
296 1399 337 1452 ait
363 1399 499 1453 vocabula
522 1416 557 1453 ex
577 1398 682 1454 Graeco
702 1417 762 1453 sum
783 1401 828 1467 ta,
852 1400 875 1453 si
894 1417 975 1453 sunm
993 1415 1081 1470 genus

63 1487 119 1524 non
138 1470 289 1538 retineant,
310 1487 344 1524 ex
362 1471 518 1524 masculino
537 1471 567 1523 in
586 1469 752 1524 femininum
763 1417 860 1524 latine
878 1471 998 1525 transire
1018 1473 1046 1524 et
1065 1487 1082 1524 a

62 1541 161 1596 littera
179 1542 335 1608 terminari,
354 1541 431 1595 velut
449 1539 562 1612 κοχλίας
582 1542 704 1609 cochlea,
720 1539 829 1612 Ἑρμῆς
847 1542 957 1604 herma,
980 1541 1083 1612 χάρτης

63 1613 171 1680 charta,
195 1629 262 1683 ergo
281 1613 428 1683 γαυσάπης
446 1629 581 1683 gausapa.
614 1614 648 1680 cf.
670 1613 750 1668 enar.
767 1631 796 1681 p.
817 1618 881 1680 108,
895 1619 919 1667 4.
944 1613 1029 1668 Sahal.
1052 1616 1083 1667 ia

62 1687 141 1739 Pers.
160 1689 186 1751 4,
201 1688 245 1739 37.
266 1690 292 1751 6,
306 1690 353 1760 46.Ι
372 1685 458 1754 061
476 1686 532 1738 ΠΙ
547 1689 592 1751 93,
607 1690 631 1738 1.

136 1793 264 1845 laumta
283 1772 445 1862 Manu-But.
505 1792 550 1863 ex]
570 1794 599 1846 et
617 1793 709 1846 Paris.
730 1795 803 1846 7496
817 1819 850 1838 =
866 1792 894 1846 R
955 1791 1082 1844 saliat.

63 1865 147 1919 Char.
163 1862 281 1930 aliterea
295 1864 323 1918 R
338 1866 367 1916 et
384 1879 419 1917 ea
436 1862 533 1916 littera
552 1865 583 1917 ia
601 1881 652 1934 azy.
672 1881 687 1917 r
706 1862 824 1917 aliterea
844 1863 932 1918 Oarot.
953 1861 1035 1916 aliter
1049 1878 1083 1916 ea

63 1935 163 1990 Bamb.
181 1935 268 1994 Barsa.
289 1936 373 1989 Halb.
394 1935 477 2005 Sany.
497 1935 660 2006 Lunai-But.
742 1935 901 1988 ΚΟΧΛΕΑΕ
920 1934 1082 2003 Istud-But.

62 2024 226 2077 acxaaac
255 2025 344 2079 caros.
393 2025 536 2077 sonasse
565 2025 608 2079 nr
652 2011 781 2079 sosine
808 2023 893 2079 naza
952 2022 1083 2076 aconas

62 2095 196 2149 naama.
217 2096 302 2150 Haib.
322 2095 412 2149 coalia
430 2096 515 2149 Besa.
534 2095 619 2165 Sanc.
639 2095 802 2166 Laud-But.
899 2095 1035 2147 ΧΑΡΤΕΟ
1056 2094 1083 2150 R

62 2166 162 2221 cartha
177 2167 205 2221 R
279 2165 466 2220 ΓΑΥΕΑΠΕΟ
486 2166 584 2221 Bantia.
605 2167 689 2221 Halb.
709 2167 793 2238 Scan.
814 2166 903 2222 Ocrol.

500 2302 544 2359 27
585 2303 626 2358 16

130 2425 183 2466 vas
206 2407 369 2466 terminata
393 2409 423 2466 et
446 2409 486 2466 sis
510 2293 639 2465 facilrnt]
648 2406 786 2485 genetivo
810 2407 840 2464 et
863 2405 920 2464 dis:
951 2405 1006 2464 hoc
1029 2423 1081 2464 vas

61 2496 152 2555 huius
176 2499 264 2570 vasis,
287 2495 335 2555 hic
358 2515 411 2555 vas
433 2496 523 2554 huius
547 2496 639 2554 vadis.
681 2499 842 2570 utrumque
860 2493 956 2554 Varro
981 2496 1024 2552 ait
1046 2494 1081 2552 de

59 2586 167 2664 lingua
190 2584 307 2644 Latina.

134 2684 216 2738 Prot.
236 2685 305 2739 cath.
322 2701 351 2753 p.
367 2687 412 2750 30,
426 2687 464 2738 27
486 2709 526 2738 vas
539 2697 788 2737 aminaea-naum.
820 2681 915 2736 Cicero
981 2681 1080 2736 osas.

62 2755 125 2827 19]:
148 2754 240 2808 ‘vultu
254 2757 400 2822 tamqnam
414 2754 505 2809 vade’.
526 2756 608 2810 Prot.
624 2755 692 2810 cath.
704 2771 734 2824 p.
750 2758 845 2820 19,16
863 2771 910 2806 vas
943 2752 1081 2807 erminata

59 2827 164 2880 tertiae
183 2829 249 2879 sunt
268 2825 473 2891 declinationis,
494 2826 532 2879 sis
551 2825 595 2879 vel
614 2826 658 2880 dis
677 2825 785 2879 faciunt
804 2823 947 2895 genetivo:
967 2840 1015 2877 vas
1035 2840 1080 2877 va-

60 2898 100 2953 sis
126 2897 274 2951 Terentius
301 2898 348 2968 [tt.
375 2900 432 2952 tim.
451 2899 515 2968 111]
543 2898 606 2951 ‘nec
630 2915 679 2951 vas
704 2913 757 2951 nec
782 2897 1004 2960 vestimentnm’3
1032 2912 1081 2950 vas
1145 2911 1147 2914 ⁴

60 2969 142 3023 vadis
166 2968 262 3023 Cicero
286 2969 328 3040 [p.
348 2969 414 3025 Sest.
436 2969 482 3040 19]
512 2969 669 3038 ‘tamquam
697 2969 779 3023 vade'
809 2970 838 3023 et
866 2967 889 3021 si
917 2983 974 3035 qua
1001 2966 1081 3021 talia.

59 3041 155 3096 eadem
175 3041 252 3095 Mar.
272 3041 342 3095 Plot.
362 3041 423 3096 Suc.
435 3058 464 3109 p.
480 3044 545 3108 482,
561 3045 585 3094 7.
601 3040 635 3107 cf.
656 3041 735 3095 Beda
754 3040 821 3096 ortt.
839 3057 867 3108 p.
881 3043 947 3104 293,
962 3043 1004 3092 31.
1032 3039 1081 3093 Al-

60 3115 118 3168 bia.
134 3130 163 3181 p.
180 3115 243 3179 312,
256 3115 300 3166 21.

135 3226 149 3272 1
174 3219 228 3273 hcc
251 3235 299 3271 vas
322 3219 349 3271 h.
375 3237 411 3284 v.;
435 3220 585 3286 utrumque
604 3218 636 3272 V.
662 3234 686 3272 a.
711 3218 745 3271 de
768 3217 787 3270 l.
806 3216 849 3272 L.:
873 3216 919 3270 hic
942 3233 991 3270 vas
1010 3216 1037 3270 h.
1056 3233 1081 3271 v.

66 3291 198 3346 Vinctos.-
216 3308 265 3343 em.
285 3290 400 3361 Spenqel

499 3407 543 3464 28
568 3399 640 3485 [24]

123 3512 283 3570 secundum
308 3511 473 3574 Varronem
498 3513 601 3576 senior
625 3519 656 3576 et
678 3515 785 3576 'sanior
810 3505 1026 3597 cumnara'c'rn'r
1045 3501 1127 3556 annu

36 3615 100 3669 per
116 3597 361 3661 inminutionem.
