2400 3824
100 155 167 218 530
267 153 472 207 Grammaticae
492 152 594 206 aetatis
613 152 774 220 Augusteae
794 150 954 220 fragmenta

175 313 241 368 Geli.
263 318 289 379 5,
304 316 331 379 8,
346 317 361 366 1
385 327 433 374 ipse
447 325 558 374 Quirinali
571 344 598 351 —
611 329 696 375 potasti
728 311 813 364 immo
832 311 892 380 ipse
916 310 1048 380 Hyginus
1072 326 1122 380 pa-

100 402 163 438 rum
187 383 386 438 animadvertit
409 384 449 438 sio
472 383 525 437 hoc
550 399 609 437 esse
634 382 753 448 dictum,
775 385 809 434 ut
830 382 963 450 pleraque
989 381 1048 435 diei
1073 400 1124 451 per

102 455 289 511 defectionem
320 455 512 509 defensionem
530 455 619 526 codd]
639 453 738 507 solent.
767 455 859 524 pergit
879 454 963 508 Gellii
980 455 1120 520 refutatio.

101 528 195 583 mdrm
211 528 268 594 fere
322 528 410 581 aorob.
427 531 453 593 6,
471 531 529 593 8,1
556 528 600 595 (cf.
621 525 692 580 Sero.
712 527 782 580 Aeo.
797 530 823 591 1,
843 529 895 590 711.
924 525 956 578 de
977 525 1047 579 lituo
1069 525 1121 580 cic.

102 600 135 652 de
158 599 258 664 11101,
282 603 325 652 30.
359 599 432 652 Plat.
458 599 606 653 11011122.
640 597 712 652 Sero.
737 597 807 650 Aea.
832 600 939 662 7,187.
972 596 1060 650 OGL
1078 596 1125 650 IV

102 675 163 738 456,
181 674 225 725 21.
251 670 278 724 V
293 673 356 736 368,
371 673 414 723 35.

565 813 584 868 6
624 812 644 868 3

171 912 382 990 ‘Daedalus
407 919 445 974 ut
463 918 557 974 fama
576 803 809 993 es[t,]fugiens
827 915 965 974 Minoia
982 909 1126 994 regnas

103 1006 337 1084 praepetibus
360 1007 487 1082 pennis
511 1024 617 1066 ausus
637 1025 672 1064 se
691 1005 833 1064 credere
858 1001 983 1064 oaelo'.
1027 1009 1059 1064 in
1077 1007 1123 1064 his

103 1096 231 1173 Vergilii
254 1094 387 1155 versibus
416 1089 502 1173 [Aca.
525 1089 624 1173 614]
653 1094 842 1170 reprehendit
864 1094 960 1152 Iulius
983 1093 1123 1173 Hyginus

106 1180 222 1261 ‘pennis
254 1177 460 1260 praepetibus'
499 1184 585 1258 quasi
616 1184 768 1259 inproprie
800 1185 830 1241 et
861 1183 968 1242 inscite
1002 1184 1123 1242 dictum.

78 1290 183 1332 snam
215 1275 404 1348 praepetes
436 1273 536 1347 inquit
569 1291 650 1331 aves
685 1273 726 1331 ab
764 1273 962 1350 auguribus
1000 1273 1124 1349 appel-

106 1363 237 1437 lantur,
257 1381 347 1436 quae
366 1364 428 1420 aut
442 1363 644 1437 opportune
661 1362 881 1437 praevolant
895 1364 957 1420 aut
975 1362 1124 1420 idoneas

107 1451 207 1510 sedes
235 1453 391 1526 capiunt.
446 1469 506 1508 non
535 1453 603 1526 apte
631 1451 725 1528 igitur
752 1469 838 1509 usum
866 1451 956 1510 verbo
987 1451 1124 1529 augurali

107 1541 290 1599 existimavit
307 1541 340 1596 in
354 1539 480 1598 Daedali
498 1540 603 1599 volatu
621 1539 697 1597 nihil
716 1539 754 1597 ad
769 1559 915 1617 augurum
934 1540 1124 1616 disciplinam

106 1631 282 1705 pertinente.

181 1727 248 1782 cett.
270 1731 296 1793 7,
316 1732 373 1793 6,1
392 1741 544 1781 0111111111-
557 1741 686 1790 perimente.
715 1727 764 1780 sed
780 1726 908 1796 Hyginus
927 1726 1013 1780 nimis
1032 1725 1123 1780 hercle

107 1798 220 1866 ineptus
238 1797 302 1863 fuit,
322 1815 385 1852 cum
404 1797 472 1866 quid
490 1800 638 1866 praepetes
657 1801 750 1851 essent
769 1798 976 1852 nescireratus
992 1798 1123 1863 0011701-

107 1870 207 1938 gilium
227 1872 322 1923 autem
344 1872 373 1922 et
399 1869 446 1923 (in.
466 1869 584 1922 Matium
611 1869 724 1923 doctum
742 1869 832 1922 virum
850 1870 1005 1940 ignorasse,
1030 1871 1079 1936 qui
1096 1870 1123 1921 in

109 1941 231 1995 secundo
251 1941 382 2011 [septimo
408 1941 640 1996 Garriocoll.1l.
662 1945 687 2007 7,
706 1946 760 1996 291
773 1941 824 2012 sp]
851 1940 949 1994 Iliadis
969 1940 1123 1995 Victoriam

108 2011 247 2066 volucrem
262 2012 425 2080 praepetem
440 2011 594 2080 appellavit
612 2012 641 2065 in
660 2011 713 2066 hoc
726 2029 807 2065 versu
827 2013 920 2083 [FPR
935 2017 953 2066 3
968 2013 1030 2083 B.]:
1049 2012 1124 2065 ‘dum

109 2084 160 2136 dat
178 2083 308 2136 vincendi
330 2099 448 2151 praepes
468 2082 593 2137 Victoria
616 2082 761 2151 palmam'.
798 2087 832 2151 of.
853 2085 920 2154 Nip.
940 2085 1004 2154 Fip.
1025 2086 1061 2150 fr.
1081 2087 1124 2138 38.

110 2155 183 2209 Fest.
199 2172 228 2222 p.
249 2158 330 2220 2451,
348 2159 393 2209 22.
420 2155 492 2208 Sero.
512 2156 673 2208 Dourion.
690 2159 774 2221 6,15.
794 2159 820 2221 3,
838 2159 901 2210 246.
921 2159 947 2221 4,
966 2159 1031 2208 462.
1058 2155 1125 2208 Isid.

110 2243 149 2281 or.
164 2230 208 2291 12,
220 2230 244 2292 7,
254 2230 297 2279 77.
327 2227 456 2280 Ps-Aoro
470 2226 540 2302 Hor.
561 2242 642 2281 carm.
654 2230 679 2291 3,
689 2230 735 2293 27,
745 2232 787 2280 11.
809 2227 894 2282 OGL
908 2226 1071 2293 172615.
1084 2230 1126 2280 53.

178 2482 369 2558 reprehendit
400 2482 539 2559 Hyginus
568 2482 736 2560 Vergilium
768 2486 1028 2559 correcturumque
1062 2503 1128 2542 eum

114 2574 205 2632 fuisse
229 2572 387 2646 existimat,
415 2571 493 2646 quod
516 2573 548 2628 in
571 2572 648 2630 libro
672 2574 754 2631 sexto
779 2566 872 2651 [365]
902 2572 1048 2647 seriptum
1078 2576 1129 2632 est.

115 2661 274 2720 Palinurus
306 2663 351 2720 est
381 2663 455 2736 aput
484 2661 595 2720 inferos
627 2663 730 2737 petens
761 2661 799 2719 ab
828 2660 944 2735 Aenea,
976 2665 1011 2719 ut
1042 2681 1130 2720 suum

115 2769 220 2826 corpus
248 2750 457 2825 requirendum
485 2752 515 2807 et
542 2750 743 2825 sepeliendum
771 2752 862 2809 curet.
907 2751 933 2808 is
962 2750 1020 2809 hoc
1045 2751 1131 2811 dicit:

86 2835 228 2916 e‘eripe
248 2859 299 2896 me
318 2839 387 2913 his,
410 2838 562 2911 inuicte,
580 2839 699 2912 malis,
721 2841 782 2897 aut
800 2841 839 2896 tu
857 2839 945 2897 mihi
962 2842 1101 2899 terram
1121 2833 1134 2918 l

112 2930 221 3002 inice,
248 2947 399 3002 namque
422 2931 538 3004 potes,
565 2931 765 3003 portusque
787 2928 931 3003 require
954 2925 1130 2988 Velinos'.

114 3037 181 3092 quo
200 3017 302 3092 inquit
319 3016 420 3075 modo
440 3018 502 3074 aut
515 3017 710 3075 Palinurus
728 3017 873 3077 novisse
890 3020 925 3076 et
942 3020 1133 3078 nominare

114 3107 235 3183 potuit
264 3109 390 3179 portus
414 3105 557 3164 Velinos
589 3109 650 3163 aut
679 3105 817 3165 Aeneas
848 3125 887 3164 ex
917 3125 955 3164 eo
986 3109 1132 3166 nomine

114 3196 230 3254 locum
245 3195 421 3269 invenire,
441 3212 515 3252 cum
530 3193 631 3252 Velia
650 3195 835 3271 oppidum,
854 3214 953 3270 aquo
972 3201 1133 3271 portum,

71 3283 176 3359 ioqui
205 3285 242 3341 in
266 3301 304 3340 eo
332 3283 410 3342 loeo
439 3286 506 3357 est,
529 3283 690 3342 Velinum
718 3284 824 3356 dixit,
857 3282 981 3343 Servio
1006 3285 1133 3344 Tullio

115 3373 244 3431 Romae
271 3374 446 3448 regnante
469 3375 551 3448 post
578 3391 706 3430 annum
731 3373 884 3448 amplius
915 3377 1133 3434 sescentesi-

111 3482 218 3537 mum,
243 3480 346 3537 quam
363 3459 501 3519 Aeneas
524 3463 561 3518 in
578 3461 726 3520 Italiam
749 3463 862 3536 venit,
886 3462 1075 3523 conditum
1097 3467 1133 3522 in

102 3571 195 3634 agro
219 3552 371 3615 Lucano
396 3553 431 3613 et
454 3569 492 3613 eo
519 3551 661 3611 nornine
687 3551 913 3629 appellatum
937 3549 1015 3612 est?
1052 3573 1133 3612 nam
