2400 3824
115 171 179 236 178
261 170 468 226 Grammaticos
487 172 588 225 astatis
607 171 800 226 Varronianus
818 170 979 242 fragmenta

112 334 145 386 ut
163 333 273 387 Aeneas
292 335 321 386 et
338 331 482 386 Romulus.
517 333 602 388 Sobel.
620 333 676 387 cod.
694 333 773 387 Lcs'd.
792 332 865 388 Voss.
876 333 906 387 F
916 337 954 387 29
973 333 1011 387 ad
1024 333 1099 388 basac
1113 334 1129 387 l.

112 403 253 474 indigetes
272 419 368 458 omnes
385 403 426 457 dii
445 403 584 471 dicuntur,
603 403 653 472 qui
671 403 776 457 nullius
795 405 887 474 egent,
902 403 1036 474 Nigidius
1052 403 1130 458 dicit.

48 475 56 487 “
112 476 148 542 ct.
167 475 275 531 Isaras.
290 480 390 543 2,650.
428 475 501 531 Sem.
520 477 590 530 Aac.
606 479 649 542 12,
660 479 721 530 794.
758 492 846 547 georg.
862 481 886 541 1,
896 479 959 530 498.
997 477 1130 547 mytbogr.

113 551 139 613 3,
149 551 176 614 s,
187 552 211 602 1.
225 551 251 602 2.
287 546 368 602 can
383 548 465 613 Vsu,
476 551 519 601 rs.
539 551 601 613 553,
611 551 637 600 s.
674 547 755 601 assur
773 547 856 600 Paul.
876 547 950 601 ms.
966 564 997 616 p.
1013 551 1076 614 106,
1087 552 1131 602 10.

114 620 237 674 Macros.
252 635 336 674 sama.
352 617 425 686 Scip.
441 624 465 685 1,
480 622 506 684 9,
522 622 547 671 7.
576 617 709 673 Scholia
723 619 831 672 Lacca.
843 624 867 684 1,
882 622 942 672 556.
969 618 1131 688 ctrlgrocc.

113 691 180 745 crtb.
195 708 225 759 P·
246 695 307 755 125,
323 695 347 744 1.
384 690 416 743 aa
435 690 609 745 collocattoac
627 689 671 745 cd.
689 691 725 756 fr.
745 693 789 744 42.

550 822 592 880 45
632 825 674 881 70

179 947 345 1005 possumus,
369 932 394 988 si
413 929 540 1002 videtur,
564 816 737 989 saulmsiim
759 930 876 1005 aliquid
899 936 929 988 et
947 929 983 987 de
1002 929 1131 988 Laribus

113 1018 219 1092 dicere,
238 1037 312 1094 quos
332 1018 496 1078 arbitratur
513 1019 620 1096 uulgus
638 1020 773 1077 vicorum
792 1021 882 1094 atque
901 1019 1045 1078 itinerum
1058 1018 1131 1078 deos

113 1125 175 1167 esse
208 1126 243 1166 ex
276 1126 310 1167 so
341 1107 420 1183 quod
453 1107 577 1166 Graecia
608 1109 689 1166 vicos
722 1107 915 1184 cognominat
946 1107 1067 1186 λαύρας,
1100 1107 1132 1166 in

114 1195 239 1257 diversis
257 1197 398 1275 Nigidius
418 1197 537 1272 scriptis
555 1197 643 1256 modo
662 1200 810 1255 tectorum
833 1197 1013 1272 domumque
1032 1199 1130 1256 custo-

73 1303 85 1344 1
113 1284 173 1359 des,
200 1286 289 1345 modo
313 1284 437 1346 Curetas
460 1286 537 1360 illos,
567 1288 619 1360 qui
642 1287 805 1345 occultasse
833 1286 1028 1362 perhibentur
1050 1285 1131 1345 Iovis

114 1375 231 1433 aeribus
261 1375 423 1451 aliquando
455 1377 601 1452 vagitum,
632 1375 721 1434 modo
749 1375 869 1452 Digitos
898 1375 1130 1448 samothracios,

114 1482 188 1539 quos
212 1465 342 1539 quinque
364 1464 508 1538 indicant,
531 1482 635 1542 graece
658 1464 764 1522 Idaeos
787 1464 932 1540 Dactylos
954 1466 1129 1539 nuncupari

185 1555 288 1609 Amol).
304 1558 329 1620 3,
339 1557 374 1608 41
392 1579 508 1616 possumus
522 1586 549 1593 -
562 1567 694 1615 nuncupari
726 1555 761 1621 cf.
779 1553 877 1610 Sirabo
892 1559 935 1620 10,
946 1558 1008 1609 466.
1042 1553 1129 1610 schol.

113 1625 194 1678 Asat.
214 1629 257 1679 33.
295 1626 380 1680 Paas.
400 1629 425 1692 5,
442 1629 467 1691 7,
483 1629 507 1678 6.
546 1626 683 1694 Diomp.
703 1629 828 1692 478,16.
867 1627 973 1696 Hygia.
993 1626 1050 1693 fab.
1068 1630 1129 1681 139.

112 1695 191 1750 Lacu
211 1695 280 1750 Stat.
304 1697 381 1752 Theb.
401 1701 427 1763 4,
443 1700 504 1751 784.
525 1697 557 1749 ds
576 1698 750 1752 collocatione
768 1698 802 1764 cf.
821 1697 921 1764 1542.

184 1791 200 1837 3
228 1785 333 1853 λαύρας
359 1786 495 1841 Sabaeas:
525 1785 611 1840 laude
719 1791 736 1838 4
764 1786 954 1854 domuumque
981 1786 1041 1840 add.
1069 1792 1130 1841 cett.

114 1861 129 1909 5
153 1857 289 1910 occultas:
315 1875 363 1911 em.
390 1858 518 1913 samias
626 1861 640 1909 7
668 1855 768 1910 Graeci
794 1857 988 1924 Reifferscheid
1061 1857 1131 1912 deus

113 1926 253 1982 dactulos:
272 1946 320 1983 cm
340 1929 494 1984 Salmasius

541 2045 583 2100 rc
608 2037 700 2122 [ros]

180 2151 267 2223 stiva,
291 2149 523 2227 gubernaculum
548 2152 650 2224 aratri,
673 2152 708 2208 ut
730 2150 872 2228 Nigidius
896 2152 947 2208 ait.

184 2239 269 2294 Sama.
295 2241 380 2293 Basa.
402 2257 490 2310 georg.
512 2245 536 2306 1,
552 2244 609 2294 174
636 2254 694 2294 aava
712 2272 739 2279 -
757 2254 796 2294 aia
837 2239 910 2296 Sem.
937 2241 1037 2310 (Dara.)
1062 2241 1130 2294 5555.

114 2311 241 2378 stivaque
268 2311 380 2364 manica
408 2310 503 2377 aratri,
537 2327 593 2379 qua
620 2311 737 2380 regitur,
770 2310 800 2363 id
829 2313 872 2365 est
899 2309 1130 2381 gubernaculum.

113 2382 147 2447 cf.
165 2381 244 2436 OGL
254 2384 292 2435 ΙΙ
303 2387 365 2450 593,
376 2387 421 2437 58.
461 2384 558 2449 Vsac,
569 2387 593 2437 3.
604 2387 642 2451 4.,
667 2383 705 2438 ad
717 2384 911 2453 grassmata'cos
924 2384 1132 2439 commutarim

112 2454 218 2508 resacia
227 2454 346 2524 Rocbmg
356 2455 375 2527 1..
383 2471 404 2510 c.
417 2472 445 2523 p.
456 2458 500 2521 45,
515 2455 553 2509 ad
565 2455 710 2523 sphaeram
724 2455 897 2509 barbaricam
906 2453 1037 2510 Swoboda
1045 2471 1074 2523 p.
1085 2458 1130 2509 50.

564 2595 678 2649 DUBIA

550 2705 593 2761 47
616 2696 687 2782 [46]

180 2809 319 2868 rudentes
348 2828 382 2868 ea
411 2827 499 2868 causa
530 2809 744 2886 sapientissimi
774 2809 869 2869 dictos
899 2809 1016 2884 volunt,
1050 2809 1131 2885 quod

112 2897 207 2972 funes,
231 2916 298 2956 cum
320 2902 410 2957 vento
434 2900 634 2975 verberentur,
661 2898 767 2958 rudere
795 2899 1010 2973 existimentur,
1039 2901 1130 2974 atque

112 2986 191 3044 hunc
214 3003 319 3044 sonum
342 2987 495 3062 proprium
517 2988 642 3062 funium,
665 3006 725 3046 non
749 2989 900 3047 asinorum
922 2990 1041 3064 putant.

185 3076 258 3130 Noa.
269 3093 299 3145 p.
315 3081 405 3143 51,13
422 3092 527 3132 maenus
536 3109 562 3116 —
571 3093 658 3140 putans
686 3077 719 3130 als
733 3077 851 3148 Nigidio
865 3084 975 3133 auctora
988 3079 1023 3145 cf.
1034 3077 1130 3144 Hertz,

113 3162 155 3215 op.
176 3146 245 3201 Gall.
260 3165 290 3216 p.
306 3152 387 3217 96sq.

186 3242 201 3288 2
220 3236 325 3290 budere
344 3240 384 3292 cel
402 3237 499 3292 ludere
517 3239 598 3292 malti
615 3238 691 3292 codd.

533 3373 574 3428 48
599 3364 702 3450 [deest]

164 3479 235 3535 erat
248 3481 304 3554 qui
323 3479 440 3542 diceret
459 3480 570 3561 legisse
589 3498 621 3541 se
638 3479 674 3540 iu
692 3480 893 3558 grammaticis
909 3447 1132 3540 commentariis

71 3554 106 3604 Ρ
127 3563 267 3645 Nigidii,
294 3573 411 3635 saltem
438 3594 478 3636 ex
497 3594 536 3636 eo
558 3573 688 3649 mamm,
712 3568 798 3646 quod
814 3568 894 3628 esset
908 3560 957 3623 ‘si
969 3560 1143 3637 alstemu-
