2408 3834
420 188 459 244 M.
478 187 625 241 Terentius
642 187 732 241 Varro
1018 140 1084 249 223

135 349 211 431 Note.
231 366 257 418 p.
272 353 340 430 42⁶³.
350 353 388 403 26
406 349 565 432 animnstet
583 347 749 431 animahoo
768 347 888 431 distant:
912 346 1021 401 animus
1040 349 1084 401 est

63 436 128 544 ffi
128 437 282 545 asppti1rppp¹⁸1
294 436 389 554 031ιέἲῖ
396 437 602 546 0οᾅὒνυιζῗο00.
623 420 724 473 Aeolus
738 418 866 488 Eprgone
881 417 1084 489 [fr.15].V‘arro

496 680 535 735 91
560 672 655 758 [420]

100 832 103 836 ·
131 801 386 879 appellatura
410 801 598 862 eaelatura
625 803 777 875 eaelum,
804 819 931 879 graeoe
960 799 1001 860 ab
1030 820 1084 860 or-

68 893 151 950 natu
173 889 321 968 κόσμος,
344 891 460 949 latine
485 910 503 950 a
526 893 668 967 puritia
689 890 847 950 mundus.

133 999 218 1055 Prob.
235 998 311 1069 Vero.
336 999 393 1053 bue.
414 1003 441 1065 6,
460 1002 494 1052 31
519 998 629 1052 eaelum
649 1030 680 1038 -
700 1013 785 1066 quern
808 998 928 1052 eundem
948 997 1085 1051 mundum

68 1070 94 1123 et
121 1067 230 1138 κόσμον
258 1069 367 1123 dietum
396 1069 499 1138 probat
521 1068 609 1123 Varro
632 1069 663 1122 in
682 1068 807 1138 Cynicis,
831 1085 917 1138 quarn
939 1068 1084 1138 inscripsit

67 1136 178 1195 Doiium
197 1142 249 1194 aut
267 1139 353 1206 Seria,
373 1141 425 1194 sio:
444 1140 615 1194 Mundus-
630 1142 767 1210 acceptat.
787 1140 914 1194 Postumi
932 1140 978 1194 oni
992 1139 1084 1209 sepla-

68 1210 106 1266 sia
122 1212 196 1266 fetat
220 1211 365 1283 [Postume
385 1229 434 1265 our
452 1213 569 1279 Boset„
591 1214 657 1281 post
674 1211 770 1265 vinum
789 1212 894 1282 Riese]:
914 1227 1040 1274 apponatur
1058 1243 1085 1251 -

67 1298 166 1338 munaus
192 1284 227 1350 of.
244 1284 333 1338 Varro
351 1283 384 1338 de
402 1285 420 1338 l.
440 1284 474 1337 L.
495 1289 522 1350 6,
537 1287 561 1337 3.
582 1285 641 1338 Ael.
661 1283 731 1338 Staio
749 1283 785 1350 fr.
801 1288 825 1338 7.
845 1284 920 1338 Plio.
935 1301 962 1336 0.
977 1285 1002 1339 t.
1016 1287 1045 1350 2,
1059 1287 1084 1337 3.

504 1472 547 1530 92
571 1463 641 1548 [33]

128 1593 239 1670 idque
263 1593 418 1653 alteram
447 1595 672 1671 appellamus
697 1613 715 1652 a
739 1594 888 1654 calendo
917 1594 1085 1668 calorem,

68 1681 220 1742 altorum
239 1702 258 1742 a
279 1684 423 1742 fervore
447 1683 583 1742 febrim.

132 1791 210 1845 Non.
234 1806 262 1858 p.
286 1794 331 1857 46,
355 1795 391 1844 19
418 1789 505 1845 febris
533 1789 736 1859 proprietatem
764 1805 782 1842 a
804 1789 935 1844 forvitats
960 1789 1085 1860 [feritate

66 1861 193 1916 tomelli
207 1859 284 1916 codd.
299 1860 462 1916 ferviditate
476 1863 576 1927 Havet,
595 1861 709 1927 Archf.
720 1862 785 1916 Lat.
796 1863 864 1916 Lex.
875 1867 901 1929 1,
910 1861 975 1932 318]
993 1860 1086 1915 morbi

66 1931 107 1986 vel
123 1931 208 1998 mali,
231 1934 301 1986 uta
319 1931 437 1986 colendo
456 1931 578 1986 calorem
596 1932 642 1986 vel
660 1931 802 1986 oaldorom
819 1933 908 1986 Varro
926 1931 1084 1986 Andabatis

67 2002 246 2072 aperiendam
259 2005 355 2073 putat:
369 2017 438 2066 idque
451 2035 478 2043 —
491 2018 580 2058 febrim
598 2004 717 2059 10101ον.
732 2009 758 2071 4,
773 2010 800 2071 6,
813 2009 833 2060 2
846 2003 933 2058 febris
948 2021 965 2058 a
978 2003 1085 2058 fervore

67 2073 140 2130 diota
159 2075 210 2128 est.

136 2189 150 2236 1
170 2181 293 2250 ideoque
312 2182 385 2236 Roth

496 2334 538 2390 93
561 2325 655 2411 [323]

131 2455 356 2535 grallatores
376 2456 438 2532 qui
456 2456 686 2534 gradiuntur,
704 2458 867 2532 perticae
881 2460 966 2516 sunt
984 2457 1100 2548 ligna

133 2564 210 2618 Non.
229 2580 257 2632 p.
277 2567 393 2630 115,19
418 2562 640 2634 grallatores-
659 2563 749 2619 Varro
774 2564 903 2618 Mutuum
928 2563 999 2617 muli
1025 2579 1085 2617 soa

63 2632 134 2688 bunt
147 2649 250 2704 graece
267 2634 333 2703 περὶ
352 2643 504 2705 posteriori:
526 2636 570 2688 ‘ut
587 2650 720 2699 manantes
733 2667 760 2675 -
773 2650 836 2699 ligna
854 2635 936 2705 φύσει
955 2633 1084 2704 ἀκίνητα,

63 2705 111 2760 ssd
130 2707 167 2760 ab
187 2705 486 2778 [lignaernareinolet
503 2706 590 2776 000101]
611 2705 725 2761 homine
744 2722 777 2760 eo
796 2706 845 2774 qui
864 2707 894 2760 in
912 2706 1084 2776 100101ος1-

62 2779 168 2844 tantur,
187 2777 229 2831 sio
247 2776 292 2830 illi
310 2777 399 2831 animi
416 2777 507 2832 nostri
521 2779 587 2831 sunt
605 2776 721 2848 grauso,
740 2795 821 2832 orara
835 2794 868 2832 ao
886 2778 973 2848 pedes
986 2778 1086 2845 nostri,

63 2848 147 2920 φύσει
170 2846 309 2917 ἀκίνητοι,
328 2849 378 2902 sed
397 2848 433 2902 ab
452 2849 547 2903 animo
565 2850 733 2903 moventur'.
763 2850 851 2905 Varro
869 2851 902 2904 de
920 2851 938 2904 l.
953 2851 988 2904 L.
1008 2854 1035 2916 7,
1049 2854 1085 2905 69

62 2919 189 2991 gralator
207 2937 225 2972 a
244 2919 335 2990 gradu
352 2936 457 2991 magno
477 2920 577 2974 dietus.
615 2921 650 2987 of.
669 2922 752 2976 Paul.
772 2921 886 2990 Festp.
902 2925 1003 2989 97,12.

494 3109 537 3164 04
561 3101 655 3186 [100]

127 3229 240 3289 habes
275 3229 335 3305 qui
366 3232 402 3289 ot
434 3233 537 3290 ouius
569 3233 623 3290 rei
656 3250 763 3291 eausa
799 3232 946 3292 fecerim
982 3233 1085 3292 hoca·

60 3318 224 3378 tombsn:
263 3319 301 3376 in
333 3338 403 3396 quo
433 3338 496 3398 ogo
524 3323 563 3379 ut
585 3323 684 3396 puto,
716 3323 884 3396 quoniam
907 3326 960 3381 ost
987 3323 1085 3380 luere

61 3408 220 3483 solvere,
246 3407 374 3468 lutati.

52 3607 125 3647 m
133 3524 252 3645 Nomi
259 3527 321 3590 131,
330 3529 371 3579 16
379 3524 472 3580 lutari
484 3544 538 3598 pro
553 3526 604 3584 lui.
625 3528 720 3586 vano
736 3527 886 3606 ἑκατόμβῃ
900 3529 972 3598 sosoi
985 3531 1118 3580 tetanos
