<?xml version="1.0" encoding="UTF-8"?>
<!DOCTYPE html PUBLIC "-//W3C//DTD XHTML 1.0 Transitional//EN"
    "http://www.w3.org/TR/xhtml1/DTD/xhtml1-transitional.dtd">
<html xmlns="http://www.w3.org/1999/xhtml" xml:lang="en" lang="en">
 <head>
  <title>
</title>
<meta http-equiv="Content-Type" content="text/html;charset=utf-8" />
  <meta name='ocr-system' content='tesseract 3.04.00' />
  <meta name='ocr-capabilities' content='ocr_page ocr_carea ocr_par ocr_line ocrx_word'/>
</head>
<body>
  <div class='ocr_page' id='page_1' title='image "./grammaticaeroma02funagoog_0261.png"; bbox 0 0 2400 3824; ppageno 0'>
   <div class='ocr_carea' id='block_1_1' title="bbox 103 138 970 255">
    <p class='ocr_par' dir='ltr' id='par_1_1' title="bbox 103 138 970 255">
     <span class='ocr_line' id='line_1_1' title="bbox 103 138 970 255; baseline -0.005 -13"><span class='ocrx_word' id='word_1_1' title='bbox 103 185 169 251; x_wconf 81' lang='grc'><strong>226</strong></span> <span class='ocrx_word' id='word_1_2' title='bbox 252 183 458 240; x_wconf 84' lang='lat' dir='ltr'><strong>Grammaticae</strong></span> <span class='ocrx_word' id='word_1_3' title='bbox 478 138 580 240; x_wconf 79' lang='lat' dir='ltr'><strong>aetatis</strong></span> <span class='ocrx_word' id='word_1_4' title='bbox 598 183 790 239; x_wconf 71' lang='lat' dir='ltr'><strong>varronianae</strong></span> <span class='ocrx_word' id='word_1_5' title='bbox 809 183 970 255; x_wconf 75' lang='lat' dir='ltr'><strong>fragmenta</strong></span> 
     </span>
    </p>
   </div>
   <div class='ocr_carea' id='block_1_2' title="bbox 99 343 1116 473">
    <p class='ocr_par' dir='ltr' id='par_1_2' title="bbox 99 343 1116 473">
     <span class='ocr_line' id='line_1_2' title="bbox 175 343 1116 412; baseline -0.005 -10"><span class='ocrx_word' id='word_1_6' title='bbox 175 347 299 402; x_wconf 84' lang='lat' dir='ltr'><strong>Macrob.</strong></span> <span class='ocrx_word' id='word_1_7' title='bbox 319 350 437 412; x_wconf 81' lang='lat'><strong>3,18,5</strong></span> <span class='ocrx_word' id='word_1_8' title='bbox 460 363 494 400; x_wconf 70' lang='lat' dir='ltr'><strong>aa</strong></span> <span class='ocrx_word' id='word_1_9' title='bbox 512 348 607 400; x_wconf 90' lang='lat' dir='ltr'><strong>autem</strong></span> <span class='ocrx_word' id='word_1_10' title='bbox 625 360 687 400; x_wconf 74' lang='lat' dir='ltr'><strong>meo</strong></span> <span class='ocrx_word' id='word_1_11' title='bbox 706 377 732 386; x_wconf 90' lang='lat'><em>-</em></span> <span class='ocrx_word' id='word_1_12' title='bbox 751 360 779 400; x_wconf 79' lang='lat' dir='ltr'><strong>ee</strong></span> <span class='ocrx_word' id='word_1_13' title='bbox 797 359 900 411; x_wconf 74' lang='lat' dir='ltr'><strong>tortum,</strong></span> <span class='ocrx_word' id='word_1_14' title='bbox 922 344 990 398; x_wconf 89' lang='lat' dir='ltr'><strong>inde</strong></span> <span class='ocrx_word' id='word_1_15' title='bbox 1013 343 1116 398; x_wconf 88' lang='lat' dir='ltr'><strong>scilieet</strong></span> 
     </span>
     <span class='ocr_line' id='line_1_3' title="bbox 99 417 411 473; baseline 0 0"><span class='ocrx_word' id='word_1_16' title='bbox 99 417 298 473; x_wconf 88' lang='lat' dir='ltr'><strong>Praenestinae</strong></span> <span class='ocrx_word' id='word_1_17' title='bbox 316 433 411 473; x_wconf 90' lang='lat' dir='ltr'><strong>nuces.</strong></span> 
     </span>
    </p>
   </div>
   <div class='ocr_carea' id='block_1_3' title="bbox 477 561 744 646">
    <p class='ocr_par' dir='ltr' id='par_1_3' title="bbox 477 561 744 646">
     <span class='ocr_line' id='line_1_4' title="bbox 477 561 744 646; baseline -0.011 -20"><span class='ocrx_word' id='word_1_18' title='bbox 477 561 641 646; x_wconf 77' lang='grc'><strong><em>122[242</em></strong></span> <span class='ocrx_word' id='word_1_19' title='bbox 662 561 744 646; x_wconf 72' lang='grc' dir='ltr'><strong>νη]</strong></span> 
     </span>
    </p>
   </div>
   <div class='ocr_carea' id='block_1_4' title="bbox 100 672 1121 1018">
    <p class='ocr_par' dir='ltr' id='par_1_4' title="bbox 100 672 1121 1018">
     <span class='ocr_line' id='line_1_5' title="bbox 170 672 1119 750; baseline -0.003 -15"><span class='ocrx_word' id='word_1_20' title='bbox 170 677 268 735; x_wconf 88' lang='lat' dir='ltr'><strong>hisee</strong></span> <span class='ocrx_word' id='word_1_21' title='bbox 301 674 465 733; x_wconf 86' lang='lat' dir='ltr'><strong>manibus</strong></span> <span class='ocrx_word' id='word_1_22' title='bbox 496 675 592 733; x_wconf 89' lang='lat' dir='ltr'><strong>lacte</strong></span> <span class='ocrx_word' id='word_1_23' title='bbox 624 673 686 748; x_wconf 87' lang='lat' dir='ltr'><strong>fit,</strong></span> <span class='ocrx_word' id='word_1_24' title='bbox 722 691 792 732; x_wconf 93' lang='lat' dir='ltr'><strong>non</strong></span> <span class='ocrx_word' id='word_1_25' title='bbox 823 676 923 750; x_wconf 76' lang='lat' dir='ltr'><strong>vino,</strong></span> <span class='ocrx_word' id='word_1_26' title='bbox 961 672 1119 732; x_wconf 74' lang='lat' dir='ltr'><strong>(luninae</strong></span> 
     </span>
     <span class='ocr_line' id='line_1_6' title="bbox 100 762 1121 843; baseline -0.003 -19"><span class='ocrx_word' id='word_1_27' title='bbox 100 768 255 843; x_wconf 90' lang='lat' dir='ltr'><strong>propter</strong></span> <span class='ocrx_word' id='word_1_28' title='bbox 289 782 411 837; x_wconf 89' lang='lat' dir='ltr'><strong>cunas,</strong></span> <span class='ocrx_word' id='word_1_29' title='bbox 445 763 618 822; x_wconf 86' lang='lat' dir='ltr'><strong>Ruminae</strong></span> <span class='ocrx_word' id='word_1_30' title='bbox 652 766 802 838; x_wconf 89' lang='lat' dir='ltr'><strong>propter</strong></span> <span class='ocrx_word' id='word_1_31' title='bbox 831 781 965 821; x_wconf 89' lang='lat' dir='ltr'><strong>rumam</strong></span> <span class='ocrx_word' id='word_1_32' title='bbox 1002 762 1040 821; x_wconf 90' lang='lat' dir='ltr'><strong>id</strong></span> <span class='ocrx_word' id='word_1_33' title='bbox 1070 767 1121 824; x_wconf 87' lang='lat' dir='ltr'><strong>est</strong></span> 
     </span>
     <span class='ocr_line' id='line_1_7' title="bbox 100 851 1120 932; baseline -0.003 -19"><span class='ocrx_word' id='word_1_34' title='bbox 100 855 223 932; x_wconf 88' lang='lat' dir='ltr'><strong>prisco</strong></span> <span class='ocrx_word' id='word_1_35' title='bbox 251 852 427 912; x_wconf 82' lang='lat' dir='ltr'><strong>vocabulo</strong></span> <span class='ocrx_word' id='word_1_36' title='bbox 454 871 650 926; x_wconf 91' lang='lat' dir='ltr'><strong>mammam,</strong></span> <span class='ocrx_word' id='word_1_37' title='bbox 682 872 698 910; x_wconf 84' lang='lat' dir='ltr'><strong>a</strong></span> <span class='ocrx_word' id='word_1_38' title='bbox 727 871 794 928; x_wconf 94' lang='lat' dir='ltr'><strong>quo</strong></span> <span class='ocrx_word' id='word_1_39' title='bbox 823 851 983 910; x_wconf 87' lang='lat' dir='ltr'><strong>subrumi</strong></span> <span class='ocrx_word' id='word_1_40' title='bbox 1014 853 1120 911; x_wconf 86' lang='lat' dir='ltr'><strong>etiam</strong></span> 
     </span>
     <span class='ocr_line' id='line_1_8' title="bbox 101 942 503 1018; baseline -0.007 -16"><span class='ocrx_word' id='word_1_41' title='bbox 101 962 193 1002; x_wconf 89' lang='lat' dir='ltr'><strong>nunc</strong></span> <span class='ocrx_word' id='word_1_42' title='bbox 216 942 387 1001; x_wconf 89' lang='lat' dir='ltr'><strong>dicuntur</strong></span> <span class='ocrx_word' id='word_1_43' title='bbox 410 943 503 1018; x_wconf 82' lang='lat' dir='ltr'><strong>agni.</strong></span> 
     </span>
    </p>
   </div>
   <div class='ocr_carea' id='block_1_5' title="bbox 102 1038 1122 1251">
    <p class='ocr_par' dir='ltr' id='par_1_5' title="bbox 102 1038 1122 1251">
     <span class='ocr_line' id='line_1_9' title="bbox 175 1038 1122 1110; baseline -0.002 -14"><span class='ocrx_word' id='word_1_44' title='bbox 175 1042 251 1098; x_wconf 79' lang='lat' dir='ltr'><strong>Nec.</strong></span> <span class='ocrx_word' id='word_1_45' title='bbox 264 1058 295 1110; x_wconf 77' lang='lat' dir='ltr'><strong>p.</strong></span> <span class='ocrx_word' id='word_1_46' title='bbox 316 1044 428 1106; x_wconf 75' lang='grc'><strong><em>167,21</em></strong></span> <span class='ocrx_word' id='word_1_47' title='bbox 445 1055 556 1092; x_wconf 90' lang='lat' dir='ltr'><strong>rumam</strong></span> <span class='ocrx_word' id='word_1_48' title='bbox 575 1041 681 1094; x_wconf 83' lang='lat' dir='ltr'><strong>veteres</strong></span> <span class='ocrx_word' id='word_1_49' title='bbox 700 1055 852 1093; x_wconf 84' lang='lat' dir='ltr'><strong>mammam</strong></span> <span class='ocrx_word' id='word_1_50' title='bbox 873 1038 1013 1094; x_wconf 87' lang='lat' dir='ltr'><strong>dixerunt.</strong></span> <span class='ocrx_word' id='word_1_51' title='bbox 1036 1038 1122 1094; x_wconf 82' lang='lat' dir='ltr'><strong>Varro</strong></span> 
     </span>
     <span class='ocr_line' id='line_1_10' title="bbox 103 1110 1122 1178; baseline -0.002 -11"><span class='ocrx_word' id='word_1_52' title='bbox 103 1111 173 1167; x_wconf 85' lang='lat' dir='ltr'><strong>Cato</strong></span> <span class='ocrx_word' id='word_1_53' title='bbox 188 1111 232 1166; x_wconf 91' lang='lat' dir='ltr'><strong>vel</strong></span> <span class='ocrx_word' id='word_1_54' title='bbox 247 1111 282 1166; x_wconf 91' lang='lat' dir='ltr'><strong>de</strong></span> <span class='ocrx_word' id='word_1_55' title='bbox 295 1110 392 1165; x_wconf 89' lang='lat' dir='ltr'><strong>liberis</strong></span> <span class='ocrx_word' id='word_1_56' title='bbox 407 1110 573 1165; x_wconf 78' lang='lat' dir='ltr'><strong>educandis:</strong></span> <span class='ocrx_word' id='word_1_57' title='bbox 592 1124 759 1175; x_wconf 69' lang='lat' dir='ltr'><strong>uuae-agni.</strong></span> <span class='ocrx_word' id='word_1_58' title='bbox 778 1112 814 1178; x_wconf 81' lang='lat' dir='ltr'><strong>cf.</strong></span> <span class='ocrx_word' id='word_1_59' title='bbox 830 1111 921 1167; x_wconf 86' lang='lat' dir='ltr'><strong>Varro</strong></span> <span class='ocrx_word' id='word_1_60' title='bbox 938 1129 961 1166; x_wconf 85' lang='lat' dir='ltr'><strong>r.</strong></span> <span class='ocrx_word' id='word_1_61' title='bbox 977 1129 999 1166; x_wconf 86' lang='lat' dir='ltr'><strong>r.</strong></span> <span class='ocrx_word' id='word_1_62' title='bbox 1015 1114 1122 1178; x_wconf 80' lang='lat'><strong>2,11,5</strong></span> 
     </span>
     <span class='ocr_line' id='line_1_11' title="bbox 102 1182 745 1251; baseline -0.003 -13"><span class='ocrx_word' id='word_1_63' title='bbox 102 1192 128 1239; x_wconf 83' lang='lat' dir='ltr'><strong>ct</strong></span> <span class='ocrx_word' id='word_1_64' title='bbox 146 1185 225 1251; x_wconf 59' lang='lat' dir='ltr'><strong>mire</strong></span> <span class='ocrx_word' id='word_1_65' title='bbox 242 1183 433 1249; x_wconf 76' lang='lat' dir='ltr'><strong>fr.137.150.</strong></span> <span class='ocrx_word' id='word_1_66' title='bbox 466 1183 540 1237; x_wconf 74' lang='lat' dir='ltr'><strong>Fae.</strong></span> <span class='ocrx_word' id='word_1_67' title='bbox 556 1199 586 1250; x_wconf 78' lang='lat' dir='ltr'><strong>p.</strong></span> <span class='ocrx_word' id='word_1_68' title='bbox 602 1182 685 1249; x_wconf 70' lang='lat'><strong>3061‘,</strong></span> <span class='ocrx_word' id='word_1_69' title='bbox 700 1186 745 1236; x_wconf 79' lang='lat'><strong>32.</strong></span> 
     </span>
    </p>
   </div>
   <div class='ocr_carea' id='block_1_6' title="bbox 103 1288 1125 1416">
    <p class='ocr_par' dir='ltr' id='par_1_6' title="bbox 103 1288 1125 1416">
     <span class='ocr_line' id='line_1_12' title="bbox 178 1288 1125 1358; baseline -0.002 -15"><span class='ocrx_word' id='word_1_70' title='bbox 178 1296 192 1343; x_wconf 89' lang='lat'>1</span> <span class='ocrx_word' id='word_1_71' title='bbox 212 1289 257 1343; x_wconf 90' lang='lat' dir='ltr'><strong>his</strong></span> <span class='ocrx_word' id='word_1_72' title='bbox 277 1288 442 1343; x_wconf 82' lang='lat' dir='ltr'><strong>Semonibus</strong></span> <span class='ocrx_word' id='word_1_73' title='bbox 463 1290 579 1358; x_wconf 75' lang='lat' dir='ltr'><strong>Lipsiae</strong></span> <span class='ocrx_word' id='word_1_74' title='bbox 597 1288 674 1344; x_wconf 89' lang='lat' dir='ltr'><strong>hisce</strong></span> <span class='ocrx_word' id='word_1_75' title='bbox 692 1288 855 1343; x_wconf 81' lang='lat' dir='ltr'><strong>numinibus</strong></span> <span class='ocrx_word' id='word_1_76' title='bbox 874 1290 979 1344; x_wconf 81' lang='lat' dir='ltr'><strong>Preller</strong></span> <span class='ocrx_word' id='word_1_77' title='bbox 1080 1305 1125 1342; x_wconf 87' lang='lat' dir='ltr'><strong>cu·</strong></span> 
     </span>
     <span class='ocr_line' id='line_1_13' title="bbox 103 1361 374 1416; baseline 0.004 -2"><span class='ocrx_word' id='word_1_78' title='bbox 103 1362 183 1415; x_wconf 89' lang='lat' dir='ltr'><strong>nina:</strong></span> <span class='ocrx_word' id='word_1_79' title='bbox 203 1378 251 1416; x_wconf 88' lang='lat' dir='ltr'><strong>em.</strong></span> <span class='ocrx_word' id='word_1_80' title='bbox 271 1361 374 1415; x_wconf 75' lang='lat' dir='ltr'><strong>Iuniae</strong></span> 
     </span>
    </p>
   </div>
   <div class='ocr_carea' id='block_1_7' title="bbox 522 1503 704 1589">
    <p class='ocr_par' dir='ltr' id='par_1_7' title="bbox 522 1503 704 1589">
     <span class='ocr_line' id='line_1_14' title="bbox 522 1503 704 1589; baseline -0.005 -20"><span class='ocrx_word' id='word_1_81' title='bbox 522 1513 586 1569; x_wconf 86' lang='lat'><strong>103</strong></span> <span class='ocrx_word' id='word_1_82' title='bbox 610 1503 704 1589; x_wconf 88' lang='grc'><strong><em>[255]</em></strong></span> 
     </span>
    </p>
   </div>
   <div class='ocr_carea' id='block_1_8' title="bbox 104 1617 1127 2123">
    <p class='ocr_par' dir='ltr' id='par_1_8' title="bbox 104 1617 1127 2123">
     <span class='ocr_line' id='line_1_15' title="bbox 174 1617 1125 1695; baseline -0.001 -18"><span class='ocrx_word' id='word_1_83' title='bbox 174 1618 344 1693; x_wconf 88' lang='lat' dir='ltr'><strong>antiquos</strong></span> <span class='ocrx_word' id='word_1_84' title='bbox 368 1620 529 1695; x_wconf 79' lang='lat' dir='ltr'><strong>agrestes</strong></span> <span class='ocrx_word' id='word_1_85' title='bbox 552 1617 708 1676; x_wconf 86' lang='lat' dir='ltr'><strong>venandi</strong></span> <span class='ocrx_word' id='word_1_86' title='bbox 731 1617 884 1692; x_wconf 67' lang='lat' dir='ltr'><strong>peritoS,</strong></span> <span class='ocrx_word' id='word_1_87' title='bbox 909 1635 985 1676; x_wconf 88' lang='lat' dir='ltr'><strong>cum</strong></span> <span class='ocrx_word' id='word_1_88' title='bbox 1009 1617 1125 1694; x_wconf 90' lang='lat' dir='ltr'><strong>pluri·</strong></span> 
     </span>
     <span class='ocr_line' id='line_1_16' title="bbox 104 1706 1125 1783; baseline -0.001 -16"><span class='ocrx_word' id='word_1_89' title='bbox 104 1728 198 1767; x_wconf 92' lang='lat' dir='ltr'><strong>mum</strong></span> <span class='ocrx_word' id='word_1_90' title='bbox 226 1709 263 1766; x_wconf 94' lang='lat' dir='ltr'><strong>in</strong></span> <span class='ocrx_word' id='word_1_91' title='bbox 291 1708 396 1765; x_wconf 88' lang='lat' dir='ltr'><strong>silvis</strong></span> <span class='ocrx_word' id='word_1_92' title='bbox 426 1709 589 1783; x_wconf 83' lang='lat' dir='ltr'><strong>agerent,</strong></span> <span class='ocrx_word' id='word_1_93' title='bbox 622 1706 715 1782; x_wconf 88' lang='lat' dir='ltr'><strong>quod</strong></span> <span class='ocrx_word' id='word_1_94' title='bbox 745 1708 863 1766; x_wconf 88' lang='lat' dir='ltr'><strong>veluti</strong></span> <span class='ocrx_word' id='word_1_95' title='bbox 889 1706 1009 1766; x_wconf 88' lang='lat' dir='ltr'><strong>Diana</strong></span> <span class='ocrx_word' id='word_1_96' title='bbox 1040 1706 1125 1766; x_wconf 90' lang='lat' dir='ltr'><strong>duee</strong></span> 
     </span>
     <span class='ocr_line' id='line_1_17' title="bbox 105 1795 1126 1873; baseline -0.001 -15"><span class='ocrx_word' id='word_1_97' title='bbox 105 1798 149 1858; x_wconf 90' lang='lat' dir='ltr'><strong>ad</strong></span> <span class='ocrx_word' id='word_1_98' title='bbox 184 1795 463 1873; x_wconf 82' lang='lat' dir='ltr'><strong>investigandas</strong></span> <span class='ocrx_word' id='word_1_99' title='bbox 504 1797 600 1854; x_wconf 85' lang='lat' dir='ltr'><strong>feres</strong></span> <span class='ocrx_word' id='word_1_100' title='bbox 642 1795 739 1855; x_wconf 87' lang='lat' dir='ltr'><strong>solas</strong></span> <span class='ocrx_word' id='word_1_101' title='bbox 777 1797 812 1854; x_wconf 94' lang='lat' dir='ltr'><strong>et</strong></span> <span class='ocrx_word' id='word_1_102' title='bbox 848 1795 972 1856; x_wconf 83' lang='lat' dir='ltr'><strong>devias</strong></span> <span class='ocrx_word' id='word_1_103' title='bbox 1012 1795 1126 1857; x_wconf 81' lang='lat' dir='ltr'><strong>silvas</strong></span> 
     </span>
     <span class='ocr_line' id='line_1_18' title="bbox 105 1884 1126 1964; baseline -0.003 -18"><span class='ocrx_word' id='word_1_104' title='bbox 105 1889 286 1964; x_wconf 89' lang='lat' dir='ltr'><strong>peterent,</strong></span> <span class='ocrx_word' id='word_1_105' title='bbox 300 1884 498 1943; x_wconf 85' lang='lat' dir='ltr'><strong>Dcvianam</strong></span> <span class='ocrx_word' id='word_1_106' title='bbox 512 1885 719 1960; x_wconf 84' lang='lat' dir='ltr'><strong>appellasse</strong></span> <span class='ocrx_word' id='word_1_107' title='bbox 734 1884 847 1959; x_wconf 87' lang='lat' dir='ltr'><strong>deam,</strong></span> <span class='ocrx_word' id='word_1_108' title='bbox 866 1903 944 1943; x_wconf 83' lang='lat' dir='ltr'><strong>mox</strong></span> <span class='ocrx_word' id='word_1_109' title='bbox 958 1885 1126 1958; x_wconf 84' lang='lat' dir='ltr'><strong>Dianam,</strong></span> 
     </span>
     <span class='ocr_line' id='line_1_19' title="bbox 107 1973 1127 2052; baseline -0.002 -16"><span class='ocrx_word' id='word_1_110' title='bbox 107 1975 200 2052; x_wconf 92' lang='lat' dir='ltr'><strong>quod</strong></span> <span class='ocrx_word' id='word_1_111' title='bbox 217 1975 480 2051; x_wconf 70' lang='lat' dir='ltr'><strong>intellegerent</strong></span> <span class='ocrx_word' id='word_1_112' title='bbox 494 1973 639 2032; x_wconf 89' lang='lat' dir='ltr'><strong>eandem</strong></span> <span class='ocrx_word' id='word_1_113' title='bbox 654 1992 743 2050; x_wconf 90' lang='lat' dir='ltr'><strong>esse,</strong></span> <span class='ocrx_word' id='word_1_114' title='bbox 762 1993 852 2050; x_wconf 89' lang='lat' dir='ltr'><strong>quae</strong></span> <span class='ocrx_word' id='word_1_115' title='bbox 867 1973 959 2032; x_wconf 93' lang='lat' dir='ltr'><strong>diem</strong></span> <span class='ocrx_word' id='word_1_116' title='bbox 977 1992 1127 2034; x_wconf 85' lang='lat' dir='ltr'><strong>nascen-</strong></span> 
     </span>
     <span class='ocr_line' id='line_1_20' title="bbox 106 2063 339 2123; baseline -0.013 0"><span class='ocrx_word' id='word_1_117' title='bbox 106 2065 205 2123; x_wconf 87' lang='lat' dir='ltr'><strong>tibus</strong></span> <span class='ocrx_word' id='word_1_118' title='bbox 228 2063 339 2122; x_wconf 92' lang='lat' dir='ltr'><strong>daret.</strong></span> 
     </span>
    </p>
   </div>
   <div class='ocr_carea' id='block_1_9' title="bbox 106 2160 1129 2372">
    <p class='ocr_par' dir='ltr' id='par_1_9' title="bbox 106 2160 1129 2372">
     <span class='ocr_line' id='line_1_21' title="bbox 179 2160 1127 2284; baseline -0.002 -67"><span class='ocrx_word' id='word_1_119' title='bbox 179 2163 260 2217; x_wconf 86' lang='lat' dir='ltr'><strong>Prob.</strong></span> <span class='ocrx_word' id='word_1_120' title='bbox 278 2162 353 2284; x_wconf 58' lang='grc' dir='ltr'><strong>172νῖ1.</strong></span> <span class='ocrx_word' id='word_1_121' title='bbox 369 2163 427 2216; x_wconf 74' lang='lat' dir='ltr'><strong>bac,</strong></span> <span class='ocrx_word' id='word_1_122' title='bbox 444 2165 470 2228; x_wconf 88' lang='grc'><strong>6,</strong></span> <span class='ocrx_word' id='word_1_123' title='bbox 484 2164 518 2214; x_wconf 90' lang='grc'><strong>31</strong></span> <span class='ocrx_word' id='word_1_124' title='bbox 537 2160 626 2214; x_wconf 87' lang='lat' dir='ltr'><strong>Varro</strong></span> <span class='ocrx_word' id='word_1_125' title='bbox 646 2161 733 2215; x_wconf 89' lang='lat' dir='ltr'><strong>etiam</strong></span> <span class='ocrx_word' id='word_1_126' title='bbox 751 2160 781 2214; x_wconf 89' lang='lat' dir='ltr'><strong>in</strong></span> <span class='ocrx_word' id='word_1_127' title='bbox 799 2160 963 2231; x_wconf 80' lang='lat' dir='ltr'><strong>logistorico</strong></span> <span class='ocrx_word' id='word_1_128' title='bbox 982 2177 1069 2229; x_wconf 89' lang='lat' dir='ltr'><strong>quem</strong></span> <span class='ocrx_word' id='word_1_129' title='bbox 1086 2162 1127 2215; x_wconf 94' lang='lat' dir='ltr'><strong>in·</strong></span> 
     </span>
     <span class='ocr_line' id='line_1_22' title="bbox 107 2231 1129 2302; baseline -0.001 -15"><span class='ocrx_word' id='word_1_130' title='bbox 107 2234 220 2302; x_wconf 75' lang='lat' dir='ltr'><strong>scripsit</strong></span> <span class='ocrx_word' id='word_1_131' title='bbox 238 2232 331 2286; x_wconf 86' lang='lat' dir='ltr'><strong>Messa</strong></span> <span class='ocrx_word' id='word_1_132' title='bbox 354 2247 372 2284; x_wconf 84' lang='lat' dir='ltr'><strong>a</strong></span> <span class='ocrx_word' id='word_1_133' title='bbox 395 2232 429 2286; x_wconf 90' lang='lat' dir='ltr'><strong>de</strong></span> <span class='ocrx_word' id='word_1_134' title='bbox 447 2231 608 2286; x_wconf 87' lang='lat' dir='ltr'><strong>valetudine</strong></span> <span class='ocrx_word' id='word_1_135' title='bbox 628 2233 681 2287; x_wconf 81' lang='lat' dir='ltr'><strong>ait:</strong></span> <span class='ocrx_word' id='word_1_136' title='bbox 705 2246 810 2296; x_wconf 73' lang='lat' dir='ltr'><strong>nequo·</strong></span> <span class='ocrx_word' id='word_1_137' title='bbox 827 2264 854 2272; x_wconf 98' lang='lat'><em>-</em></span> <span class='ocrx_word' id='word_1_138' title='bbox 872 2247 941 2287; x_wconf 70' lang='lat' dir='ltr'><strong>earet</strong></span> <span class='ocrx_word' id='word_1_139' title='bbox 964 2233 1000 2300; x_wconf 81' lang='lat' dir='ltr'><strong>ef.</strong></span> <span class='ocrx_word' id='word_1_140' title='bbox 1023 2232 1078 2289; x_wconf 79' lang='lat' dir='ltr'><strong>(lio.</strong></span> <span class='ocrx_word' id='word_1_141' title='bbox 1097 2233 1129 2286; x_wconf 83' lang='lat' dir='ltr'><strong>de</strong></span> 
     </span>
     <span class='ocr_line' id='line_1_23' title="bbox 106 2304 974 2372; baseline -0.002 -13"><span class='ocrx_word' id='word_1_142' title='bbox 106 2311 165 2359; x_wconf 78' lang='lat' dir='ltr'><strong>aot.</strong></span> <span class='ocrx_word' id='word_1_143' title='bbox 180 2306 207 2358; x_wconf 85' lang='lat' dir='ltr'><strong>d.</strong></span> <span class='ocrx_word' id='word_1_144' title='bbox 221 2308 249 2370; x_wconf 83' lang='lat'><strong>2,</strong></span> <span class='ocrx_word' id='word_1_145' title='bbox 264 2307 309 2358; x_wconf 86' lang='grc'><strong>69.</strong></span> <span class='ocrx_word' id='word_1_146' title='bbox 333 2304 422 2359; x_wconf 79' lang='lat' dir='ltr'><strong>Varro</strong></span> <span class='ocrx_word' id='word_1_147' title='bbox 440 2304 466 2357; x_wconf 84' lang='lat' dir='ltr'><strong>d.</strong></span> <span class='ocrx_word' id='word_1_148' title='bbox 487 2304 503 2357; x_wconf 86' lang='lat' dir='ltr'><strong>l.</strong></span> <span class='ocrx_word' id='word_1_149' title='bbox 524 2305 557 2358; x_wconf 89' lang='lat' dir='ltr'><strong>L.</strong></span> <span class='ocrx_word' id='word_1_150' title='bbox 574 2308 600 2370; x_wconf 87' lang='lat'><strong>5,</strong></span> <span class='ocrx_word' id='word_1_151' title='bbox 615 2307 661 2357; x_wconf 86' lang='grc'><strong>68.</strong></span> <span class='ocrx_word' id='word_1_152' title='bbox 687 2304 756 2358; x_wconf 74' lang='lat' dir='ltr'><strong>Iac.</strong></span> <span class='ocrx_word' id='word_1_153' title='bbox 776 2321 814 2358; x_wconf 86' lang='lat' dir='ltr'><strong>or.</strong></span> <span class='ocrx_word' id='word_1_154' title='bbox 830 2307 974 2372; x_wconf 80' lang='lat'><strong>8,11,56.</strong></span> 
     </span>
    </p>
   </div>
   <div class='ocr_carea' id='block_1_10' title="bbox 498 2447 734 2533">
    <p class='ocr_par' dir='ltr' id='par_1_10' title="bbox 498 2447 734 2533">
     <span class='ocr_line' id='line_1_24' title="bbox 498 2447 734 2533; baseline 0.004 -22"><span class='ocrx_word' id='word_1_155' title='bbox 498 2457 562 2512; x_wconf 78' lang='lat'><strong>104</strong></span> <span class='ocrx_word' id='word_1_156' title='bbox 591 2447 673 2532; x_wconf 77' lang='grc'><strong><em>[248</em></strong></span> <span class='ocrx_word' id='word_1_157' title='bbox 692 2447 734 2533; x_wconf 83' lang='lat' dir='ltr'><strong>V]</strong></span> 
     </span>
    </p>
   </div>
   <div class='ocr_carea' id='block_1_11' title="bbox 86 2568 1131 2738">
    <p class='ocr_par' dir='ltr' id='par_1_11' title="bbox 86 2568 1131 2738">
     <span class='ocr_line' id='line_1_25' title="bbox 177 2568 1131 2646; baseline 0.001 -16"><span class='ocrx_word' id='word_1_158' title='bbox 177 2570 300 2630; x_wconf 89' lang='lat' dir='ltr'><strong>educit</strong></span> <span class='ocrx_word' id='word_1_159' title='bbox 319 2573 411 2629; x_wconf 92' lang='lat' dir='ltr'><strong>enim</strong></span> <span class='ocrx_word' id='word_1_160' title='bbox 433 2569 624 2644; x_wconf 79' lang='lat' dir='ltr'><strong>obstetrix,</strong></span> <span class='ocrx_word' id='word_1_161' title='bbox 648 2568 777 2629; x_wconf 87' lang='lat' dir='ltr'><strong>educat</strong></span> <span class='ocrx_word' id='word_1_162' title='bbox 799 2570 937 2646; x_wconf 86' lang='lat' dir='ltr'><strong>nutrix,</strong></span> <span class='ocrx_word' id='word_1_163' title='bbox 959 2571 1131 2631; x_wconf 85' lang='lat' dir='ltr'><strong>institui-t</strong></span> 
     </span>
     <span class='ocr_line' id='line_1_26' title="bbox 86 2659 688 2738; baseline -0.003 -19"><span class='ocrx_word' id='word_1_164' title='bbox 86 2661 355 2737; x_wconf 84' lang='lat' dir='ltr'><strong>paedagogus,</strong></span> <span class='ocrx_word' id='word_1_165' title='bbox 379 2659 482 2718; x_wconf 89' lang='lat' dir='ltr'><strong>docet</strong></span> <span class='ocrx_word' id='word_1_166' title='bbox 504 2661 688 2738; x_wconf 82' lang='lat' dir='ltr'><strong>magister.</strong></span> 
     </span>
    </p>
   </div>
   <div class='ocr_carea' id='block_1_12' title="bbox 111 2755 1133 2979">
    <p class='ocr_par' dir='ltr' id='par_1_12' title="bbox 111 2755 1133 2979">
     <span class='ocr_line' id='line_1_27' title="bbox 181 2755 1129 2826; baseline 0.002 -14"><span class='ocrx_word' id='word_1_167' title='bbox 181 2759 256 2813; x_wconf 79' lang='lat' dir='ltr'><strong>Non.</strong></span> <span class='ocrx_word' id='word_1_168' title='bbox 269 2775 297 2825; x_wconf 81' lang='lat' dir='ltr'><strong>p.</strong></span> <span class='ocrx_word' id='word_1_169' title='bbox 311 2763 373 2826; x_wconf 78' lang='lat'><strong>447,</strong></span> <span class='ocrx_word' id='word_1_170' title='bbox 383 2761 419 2812; x_wconf 82' lang='grc'><strong>34</strong></span> <span class='ocrx_word' id='word_1_171' title='bbox 433 2757 551 2812; x_wconf 86' lang='lat' dir='ltr'><strong>educere</strong></span> <span class='ocrx_word' id='word_1_172' title='bbox 566 2759 595 2810; x_wconf 86' lang='lat' dir='ltr'><strong>et</strong></span> <span class='ocrx_word' id='word_1_173' title='bbox 608 2757 727 2810; x_wconf 87' lang='lat' dir='ltr'><strong>educare</strong></span> <span class='ocrx_word' id='word_1_174' title='bbox 741 2755 815 2810; x_wconf 89' lang='lat' dir='ltr'><strong>hanc</strong></span> <span class='ocrx_word' id='word_1_175' title='bbox 828 2756 935 2812; x_wconf 90' lang='lat' dir='ltr'><strong>habent</strong></span> <span class='ocrx_word' id='word_1_176' title='bbox 949 2758 1129 2814; x_wconf 85' lang='lat' dir='ltr'><strong>distantiam:</strong></span> 
     </span>
     <span class='ocr_line' id='line_1_28' title="bbox 111 2828 1133 2898; baseline 0.003 -16"><span class='ocrx_word' id='word_1_177' title='bbox 111 2829 228 2882; x_wconf 89' lang='lat' dir='ltr'><strong>educere</strong></span> <span class='ocrx_word' id='word_1_178' title='bbox 250 2831 294 2883; x_wconf 90' lang='lat' dir='ltr'><strong>est</strong></span> <span class='ocrx_word' id='word_1_179' title='bbox 317 2828 474 2896; x_wconf 80' lang='lat' dir='ltr'><strong>extrahere,</strong></span> <span class='ocrx_word' id='word_1_180' title='bbox 498 2829 618 2882; x_wconf 87' lang='lat' dir='ltr'><strong>educare</strong></span> <span class='ocrx_word' id='word_1_181' title='bbox 644 2828 767 2882; x_wconf 87' lang='lat' dir='ltr'><strong>enutrire</strong></span> <span class='ocrx_word' id='word_1_182' title='bbox 790 2830 820 2882; x_wconf 90' lang='lat' dir='ltr'><strong>et</strong></span> <span class='ocrx_word' id='word_1_183' title='bbox 841 2828 1003 2898; x_wconf 87' lang='lat' dir='ltr'><strong>provehere.</strong></span> <span class='ocrx_word' id='word_1_184' title='bbox 1040 2830 1133 2885; x_wconf 86' lang='lat' dir='ltr'><strong>Varro</strong></span> 
     </span>
     <span class='ocr_line' id='line_1_29' title="bbox 112 2899 859 2979; baseline 0 -25"><span class='ocrx_word' id='word_1_185' title='bbox 112 2899 182 2979; x_wconf 85' lang='lat' dir='ltr'><strong>Cato</strong></span> <span class='ocrx_word' id='word_1_186' title='bbox 201 2899 246 2953; x_wconf 86' lang='lat' dir='ltr'><strong>vel</strong></span> <span class='ocrx_word' id='word_1_187' title='bbox 264 2900 298 2953; x_wconf 92' lang='lat' dir='ltr'><strong>de</strong></span> <span class='ocrx_word' id='word_1_188' title='bbox 317 2899 414 2954; x_wconf 88' lang='lat' dir='ltr'><strong>liberis</strong></span> <span class='ocrx_word' id='word_1_189' title='bbox 434 2899 600 2954; x_wconf 87' lang='lat' dir='ltr'><strong>educandis:</strong></span> <span class='ocrx_word' id='word_1_190' title='bbox 619 2913 695 2953; x_wconf 74' lang='lat' dir='ltr'><strong>eonon</strong></span> <span class='ocrx_word' id='word_1_191' title='bbox 707 2931 735 2938; x_wconf 99' lang='lat'>-</span> <span class='ocrx_word' id='word_1_192' title='bbox 747 2914 859 2963; x_wconf 58' lang='lat' dir='ltr'><strong>maaian.</strong></span> 
     </span>
    </p>
   </div>
   <div class='ocr_carea' id='block_1_13' title="bbox 503 3043 734 3129">
    <p class='ocr_par' dir='ltr' id='par_1_13' title="bbox 503 3043 734 3129">
     <span class='ocr_line' id='line_1_30' title="bbox 503 3043 734 3129; baseline -0.004 -20"><span class='ocrx_word' id='word_1_193' title='bbox 503 3051 567 3109; x_wconf 88' lang='lat'><strong>105</strong></span> <span class='ocrx_word' id='word_1_194' title='bbox 591 3043 671 3129; x_wconf 76' lang='grc'><strong><em>[222</em></strong></span> <span class='ocrx_word' id='word_1_195' title='bbox 686 3043 734 3129; x_wconf 79' lang='lat' dir='ltr'><strong>x]</strong></span> 
     </span>
    </p>
   </div>
   <div class='ocr_carea' id='block_1_14' title="bbox 112 3154 1135 3396">
    <p class='ocr_par' dir='ltr' id='par_1_14' title="bbox 112 3154 1135 3396">
     <span class='ocr_line' id='line_1_31' title="bbox 179 3154 1133 3235; baseline 0.004 -20"><span class='ocrx_word' id='word_1_196' title='bbox 179 3175 255 3215; x_wconf 89' lang='lat' dir='ltr'><strong>oum</strong></span> <span class='ocrx_word' id='word_1_197' title='bbox 281 3157 396 3230; x_wconf 90' lang='lat' dir='ltr'><strong>primo</strong></span> <span class='ocrx_word' id='word_1_198' title='bbox 424 3156 502 3215; x_wconf 90' lang='lat' dir='ltr'><strong>cibo</strong></span> <span class='ocrx_word' id='word_1_199' title='bbox 527 3160 561 3214; x_wconf 91' lang='lat' dir='ltr'><strong>et</strong></span> <span class='ocrx_word' id='word_1_200' title='bbox 583 3155 731 3232; x_wconf 86' lang='lat' dir='ltr'><strong>potione</strong></span> <span class='ocrx_word' id='word_1_201' title='bbox 761 3154 958 3216; x_wconf 88' lang='lat' dir='ltr'><strong>initiarent</strong></span> <span class='ocrx_word' id='word_1_202' title='bbox 985 3177 1133 3235; x_wconf 91' lang='lat' dir='ltr'><strong>pueros,</strong></span> 
     </span>
     <span class='ocr_line' id='line_1_32' title="bbox 113 3244 1135 3323; baseline 0.003 -19"><span class='ocrx_word' id='word_1_203' title='bbox 113 3244 421 3304; x_wconf 87' lang='lat' dir='ltr'><strong>sacrificabantur</strong></span> <span class='ocrx_word' id='word_1_204' title='bbox 457 3246 499 3305; x_wconf 92' lang='lat' dir='ltr'><strong>ab</strong></span> <span class='ocrx_word' id='word_1_205' title='bbox 537 3245 702 3304; x_wconf 91' lang='lat' dir='ltr'><strong>edulibus</strong></span> <span class='ocrx_word' id='word_1_206' title='bbox 736 3245 890 3321; x_wconf 80' lang='lat' dir='ltr'><strong>Edusae,</strong></span> <span class='ocrx_word' id='word_1_207' title='bbox 927 3265 946 3305; x_wconf 87' lang='lat' dir='ltr'><strong>a</strong></span> <span class='ocrx_word' id='word_1_208' title='bbox 981 3250 1135 3323; x_wconf 89' lang='lat' dir='ltr'><strong>potione</strong></span> 
     </span>
     <span class='ocr_line' id='line_1_33' title="bbox 112 3334 430 3396; baseline 0.013 -4"><span class='ocrx_word' id='word_1_209' title='bbox 112 3334 263 3394; x_wconf 86' lang='lat' dir='ltr'><strong>Potinae</strong></span> <span class='ocrx_word' id='word_1_210' title='bbox 286 3335 430 3396; x_wconf 88' lang='lat' dir='ltr'><strong>nutrici.</strong></span> 
     </span>
    </p>
   </div>
   <div class='ocr_carea' id='block_1_15' title="bbox 86 3431 1141 3580">
    <p class='ocr_par' dir='ltr' id='par_1_15' title="bbox 86 3431 1141 3580">
     <span class='ocr_line' id='line_1_34' title="bbox 174 3431 1136 3506; baseline 0 -17"><span class='ocrx_word' id='word_1_211' title='bbox 174 3434 251 3490; x_wconf 79' lang='lat' dir='ltr'><strong>Non.</strong></span> <span class='ocrx_word' id='word_1_212' title='bbox 265 3439 434 3506; x_wconf 77' lang='lat' dir='ltr'><strong>p.108,15</strong></span> <span class='ocrx_word' id='word_1_213' title='bbox 457 3432 585 3490; x_wconf 81' lang='lat' dir='ltr'><strong>Edusam</strong></span> <span class='ocrx_word' id='word_1_214' title='bbox 607 3435 638 3487; x_wconf 89' lang='lat' dir='ltr'><strong>et</strong></span> <span class='ocrx_word' id='word_1_215' title='bbox 656 3431 790 3487; x_wconf 79' lang='lat' dir='ltr'><strong>Potinam</strong></span> <span class='ocrx_word' id='word_1_216' title='bbox 811 3433 878 3487; x_wconf 87' lang='lat' dir='ltr'><strong>deas</strong></span> <span class='ocrx_word' id='word_1_217' title='bbox 902 3433 1049 3502; x_wconf 81' lang='lat' dir='ltr'><strong>praesides</strong></span> <span class='ocrx_word' id='word_1_218' title='bbox 1073 3434 1136 3490; x_wconf 86' lang='lat' dir='ltr'><strong>vult</strong></span> 
     </span>
     <span class='ocr_line' id='line_1_35' title="bbox 86 3503 1141 3580; baseline 0.003 -24"><span class='ocrx_word' id='word_1_219' title='bbox 86 3503 197 3560; x_wconf 75' lang='lat' dir='ltr'><strong>baberi</strong></span> <span class='ocrx_word' id='word_1_220' title='bbox 220 3525 385 3580; x_wconf 90' lang='lat' dir='ltr'><strong>puerorum</strong></span> <span class='ocrx_word' id='word_1_221' title='bbox 411 3509 504 3569; x_wconf 89' lang='lat' dir='ltr'><strong>Varro</strong></span> <span class='ocrx_word' id='word_1_222' title='bbox 533 3506 605 3566; x_wconf 80' lang='lat' dir='ltr'><strong>(lato</strong></span> <span class='ocrx_word' id='word_1_223' title='bbox 631 3504 679 3562; x_wconf 78' lang='lat' dir='ltr'><strong>uel</strong></span> <span class='ocrx_word' id='word_1_224' title='bbox 704 3505 740 3559; x_wconf 83' lang='lat' dir='ltr'><strong>de</strong></span> <span class='ocrx_word' id='word_1_225' title='bbox 758 3503 865 3556; x_wconf 68' lang='lat' dir='ltr'><strong>liberis</strong></span> <span class='ocrx_word' id='word_1_226' title='bbox 887 3503 1054 3556; x_wconf 63' lang='lat' dir='ltr'><strong>educandum.</strong></span> <span class='ocrx_word' id='word_1_227' title='bbox 1088 3532 1141 3559; x_wconf 69' lang='lat' dir='ltr'><strong>m</strong></span> 
     </span>
    </p>
   </div>
   <div class='ocr_carea' id='block_1_16' title="bbox 69 3570 1157 3658">
    <p class='ocr_par' dir='ltr' id='par_1_16' title="bbox 69 3570 1157 3658">
     <span class='ocr_line' id='line_1_36' title="bbox 69 3570 1157 3658; baseline -0.006 -17"><span class='ocrx_word' id='word_1_228' title='bbox 69 3590 155 3635; x_wconf 68' lang='lat' dir='ltr'><strong>mimo</strong></span> <span class='ocrx_word' id='word_1_229' title='bbox 170 3611 202 3621; x_wconf 82' lang='lat'>—</span> <span class='ocrx_word' id='word_1_230' title='bbox 215 3599 315 3645; x_wconf 72' lang='lat' dir='ltr'><strong>neuros.</strong></span> <span class='ocrx_word' id='word_1_231' title='bbox 346 3587 431 3646; x_wconf 81' lang='lat' dir='ltr'><strong>Deo.</strong></span> <span class='ocrx_word' id='word_1_232' title='bbox 459 3588 523 3646; x_wconf 81' lang='lat' dir='ltr'><strong>Ter.</strong></span> <span class='ocrx_word' id='word_1_233' title='bbox 543 3584 659 3658; x_wconf 77' lang='lat' dir='ltr'><strong>phorm.</strong></span> <span class='ocrx_word' id='word_1_234' title='bbox 677 3583 706 3647; x_wconf 87' lang='lat'><strong>1,</strong></span> <span class='ocrx_word' id='word_1_235' title='bbox 721 3573 816 3644; x_wconf 66' lang='lat'><strong>1,15⁸</strong></span> <span class='ocrx_word' id='word_1_236' title='bbox 834 3570 1157 3640; x_wconf 53' lang='lat' dir='ltr'><strong>less&#39;ffi&#39;ffiffllme·</strong></span> 
     </span>
    </p>
   </div>
   <div class='ocr_carea' id='block_1_17' title="bbox 0 0 1224 3824">
    <p class='ocr_par' dir='ltr' id='par_1_17' title="bbox 0 0 1224 3824">
     <span class='ocr_line' id='line_1_37' title="bbox 0 0 1224 3824; baseline 0 0"><span class='ocrx_word' id='word_1_237' title='bbox 0 0 1224 3824; x_wconf 95' lang='lat' dir='ltr'><strong> </strong></span> 
     </span>
    </p>
   </div>
  </div>
 </body>
</html>
