2408 3834
412 178 442 232 P.
462 178 594 249 Nigidius
614 178 731 248 Figulus
1016 179 1077 243 171

59 338 139 394 aliud
158 339 297 408 estquod
317 338 404 392 simili
426 339 564 393 inclinatu
588 338 706 392 dioatm.
750 356 805 393 non
825 338 900 393 enim
925 339 1018 394 simile
1037 342 1080 394 est

58 413 92 464 ut
109 410 223 464 vinosus
250 413 300 463 aut
322 410 440 464 vitiosus
466 413 623 479 ceteraque,
652 427 725 480 quae
750 410 804 464 boo
829 411 913 465 modo
940 412 1080 477 dicuntur,

58 483 194 550 quoniam
218 499 235 535 e
258 481 416 547 vocabulis,
443 499 501 536 non
524 500 543 535 a
563 482 647 536 verbo
671 481 809 536 inclinata
833 485 907 536 sunt.
945 481 1079 536 Laberius

57 553 90 606 in
112 553 209 618 mimo,
238 553 287 622 qui
312 552 454 607 Salinator
478 552 631 621 inscriptus
655 556 708 621 est,
735 552 820 607 verbo
846 553 900 607 hoe
923 553 965 607 ita
990 553 1081 608 utitur

58 626 96 696 [v.
115 629 154 678 80
170 623 290 696 Ribt.⁸]:
325 625 392 678 ‘non
419 641 574 678 mammosa
601 641 658 678 non
687 642 793 679 annosa
817 642 872 678 non
899 623 999 679 bibosa
1023 641 1081 678 non

57 696 184 765 proeax'.
213 697 249 762 of.
265 695 346 749 0612
356 698 465 761 11414,
475 700 521 749 48.
549 696 699 750 Laberiiae
712 696 962 766 omeusaNigidio
977 697 1081 750 udatus

55 769 96 822 sit
109 767 205 821 dvabito
219 767 264 835 (of.
275 768 463 821 Kretreobmer
476 767 542 821 tbid.
553 784 583 836 p.
595 771 631 820 55
645 773 671 821 ot
683 774 779 821 contra
790 768 909 837 Roebrig
924 768 940 821 l.
951 784 972 821 o.
984 785 1014 836 p.
1026 770 1079 836 12).

57 839 93 894 de
110 839 286 893 renotatione
304 839 387 893 haias
404 838 440 904 fr.
459 840 494 905 os.
513 839 549 905 fr.
564 843 591 904 4,
609 839 655 893 oui
672 839 790 905 fortasse
808 838 1017 910 adiungendum
1033 846 1079 893 eet.
1151 850 1154 854 ’

498 1009 543 1066 27
568 1001 638 1085 [62]

126 1129 245 1209 φορβή
274 1127 435 1208 (herba).
482 1131 542 1190 sed
570 1135 678 1191 antea
706 1131 803 1190 fibra
826 1131 925 1190 diota
948 1134 1014 1205 est,
1041 1135 1081 1190 ut

56 1238 152 1279 nuno
176 1221 287 1279 etiam
309 1220 444 1280 rustici
467 1220 600 1279 dicunt.

131 1318 508 1390 Serv.Dee.qeor9.1,120
528 1318 568 1372 ‘et
587 1318 690 1371 amaris
704 1317 797 1371 intiba
810 1317 902 1372 fibris'
923 1359 929 1371 .
950 1360 956 1371 .
976 1360 983 1372 .
1004 1360 1009 1371 .
1030 1317 1080 1372 alii

56 1389 144 1442 fibras
162 1389 276 1458 proprie
295 1389 394 1443 dieunt
412 1389 453 1443 rei
472 1389 608 1458 cuiusque
627 1389 818 1444 extremitates
838 1421 880 1444 -.
926 1389 976 1442 alii
995 1389 1078 1443 fibras

56 1461 161 1514 herbas
180 1460 322 1527 adserunt,
341 1463 374 1514 ut
390 1459 523 1530 Nigidius
543 1461 744 1514 commentario
763 1460 984 1530 grammaticali:
1004 1471 1081 1530 φορμῄ

56 1564 85 1572 -
100 1546 185 1586 nme
218 1533 253 1598 ef.
272 1533 357 1587 Paul.
376 1533 451 1587 Fert.
467 1549 496 1601 p.
512 1537 556 1598 er,
571 1536 595 1586 4.
616 1536 662 1598 eo,
677 1537 701 1586 3.
735 1532 804 1586 Isiu.
824 1548 862 1586 or.
884 1537 926 1598 11,
942 1538 966 1598 z,
982 1536 1044 1586 126.

104 1637 256 1765 281⁰hIeera
282 1639 348 1694 odd.
376 1639 564 1698 Commeliaus.
612 1640 647 1705 cf.
675 1639 838 1705 Sallustius,
865 1641 972 1694 exermt.
1002 1640 1079 1694 Plio.

50 1728 85 1780 1³·
210 1753 215 1763 .

499 1827 543 1884 28
567 1819 638 1904 [50]

125 1951 244 2008 frater
267 1952 322 2008 est
345 1949 464 2008 dietus
487 1951 592 2025 quasi
615 1950 689 2008 fere
713 1949 808 2007 alter

133 2047 344 2115 Geu.13,10,4
363 2047 459 2102 fratris
474 2050 569 2102 autem
584 2047 751 2102 vocabulum
769 2046 798 2101 P.
818 2047 951 2117 Nigidius
971 2079 1005 2086 —
1023 2064 1080 2101 non

55 2118 152 2173 minus
172 2121 273 2189 arguto
293 2118 447 2188 subtilique
466 2118 555 2191 ἐτύμφ
581 2120 676 2190 [quom
695 2121 788 2174 Labeo
807 2121 874 2173 Aret.
893 2121 929 2186 fr.
946 2119 974 2190 7]
994 2119 1079 2172 inter-

55 2190 199 2261 pretatum
219 2204 289 2244 trater
302 2189 397 2259 inquit
411 2209 444 2244 ese
453 2223 480 2230 -
490 2206 551 2244 aner.
585 2191 659 2245 Non.
673 2207 700 2258 p.
717 2195 760 2257 35,
771 2195 808 2245 32
821 2189 940 2244 fratrum
955 2191 1079 2259 proprie-

55 2265 149 2316 tatem
172 2260 306 2332 Nigidius
330 2261 494 2316 aoutissime
517 2261 603 2316 dixit:
629 2277 698 2316 nater
712 2279 744 2316 est
769 2261 863 2329 inquit
891 2276 963 2315 dietus
976 2293 1004 2300 -
1017 2277 1079 2315 aiter.

55 2337 102 2402 (=
122 2333 198 2387 Fert.
224 2349 253 2401 p.
273 2337 318 2399 90,
333 2337 358 2387 7.
407 2333 527 2388 OGLV
547 2337 610 2399 650,
626 2335 680 2401 47).
727 2335 761 2400 cf.
792 2335 1079 2398 Moerob.1‚17,65.

56 2405 162 2530 rgedeod.
183 2403 221 2457 Η.
246 2422 275 2473 p.
300 2407 366 2470 238,
380 2409 426 2459 28.
478 2404 565 2460 Gloee
595 2405 677 2470 Reiffl
702 2408 738 2459 43
773 2405 837 2472 (Ru.
866 2404 942 2457 Mus.
968 2406 1079 2470 16,11).

57 2480 72 2530 1
93 2477 98 2488 '
119 2517 124 2528 .
145 2492 185 2530 or.
205 2479 232 2540 9,
247 2480 274 2541 6,
288 2479 313 2530 5.

498 2628 541 2685 29
567 2620 637 2703 [47]

125 2751 302 2810 infestum
336 2754 390 2810 est
422 2769 440 2808 a
473 2749 682 2809 festinando
716 2749 868 2824 dietum,
904 2767 985 2807 nam
1018 2748 1079 2823 qui

55 2842 176 2900 instat
203 2839 317 2900 alicui
340 2858 488 2915 eumque
512 2857 710 2915 properans
732 2841 840 2915 urget
863 2839 1079 2913 opprimere·

57 2948 124 3004 que
148 2947 226 2987 eum
255 2929 377 2987 studet
404 2928 643 3003 festinatque,
674 2930 737 2986 aut
760 2931 886 2986 eontra
910 2926 951 2985 de
974 2928 1078 2986 euius

54 3016 223 3094 periculo
248 3019 282 3075 et
305 3019 419 3076 exitio
446 3018 655 3090 festinatur,
683 3017 713 3074 is
739 3020 892 3092 uterque
920 3017 1079 3075 infestus

55 3107 197 3166 dieitur
229 3105 274 3164 ab
305 3108 490 3166 instantia
522 3108 630 3180 atque
662 3106 891 3165 imminentia
928 3104 1080 3179 fraudis
1107 3125 1119 3165 s

55 3215 163 3272 quam
187 3195 245 3254 vel
268 3195 434 3254 facturus
457 3195 615 3270 cuipiam
637 3196 695 3254 vel
717 3213 892 3270 passurus
915 3197 977 3252 est.

131 3293 202 3349 Gen.
218 3297 244 3359 9,
260 3299 336 3360 12,6
353 3310 404 3348 nos
418 3293 507 3363 igitur
521 3293 556 3346 de
571 3292 680 3364 origine
694 3296 723 3346 et
736 3293 847 3346 ratione
865 3292 945 3346 verbi
963 3307 1079 3361 quaere·

54 3366 158 3419 bamus
178 3367 265 3432 atque
284 3364 326 3418 ita
344 3364 375 3418 in
393 3363 556 3434 Nigidianis
580 3363 715 3434 seriptum
737 3363 912 3419 invenimus:
937 3378 1052 3418 messam
1063 3392 1092 3399 -

54 3451 125 3492 metae
144 3435 241 3503 inquit
258 3450 327 3490 aliem
340 3469 367 3476 -
377 3461 484 3499 parsurus
497 3454 536 3491 eet.
578 3438 656 3494 Non.
672 3456 704 3510 p.
724 3443 770 3508 51,
787 3443 822 3496 16
846 3435 958 3494 iniesti
972 3432 1110 3504 qnoque-

54 3510 143 3564 tatem
160 3507 236 3558 bano
252 3521 312 3558 osse
327 3506 463 3577 Nigidius
486 3509 587 3581 voluit,
616 3513 705 3584 quasi
724 3513 859 3570 nimium
881 3503 1067 3567 testinantis
1084 3496 1133 3552 ab

43 3576 137 3628 aeolus
155 3573 200 3625 rel
215 3573 254 3625 ad
268 3574 405 3634 fraudem.
445 3581 481 3650 cs?
503 3585 584 3644 Nora,
605 3605 635 3661 p.
659 3594 730 3661 129,
750 3595 797 3648 12.
844 3581 983 3647 OGLV
1004 3568 1150 3636 osum.
