2400 3824
454 162 482 218 C.
501 162 588 216 Iulius
607 163 736 232 Hyginus
1035 164 1100 228 529

81 335 112 392 et
136 351 188 390 ora
203 324 218 409 J
233 334 332 391 tristia
350 334 552 406 temptantum
571 351 658 390 sensu
676 332 828 406 torquebit
847 327 968 391 amaro'.
1006 331 1100 410 Hygi·

81 438 137 480 nus
168 423 269 479 autem
294 453 335 460 -
358 421 389 478 in
413 421 646 494 commentariis,
677 441 752 496 quae
776 422 807 478 in
830 421 997 498 Vergilium
1020 422 1100 496 fecit,

81 510 238 570 confirmat
261 512 291 568 et
319 513 489 586 perseverat
512 530 571 568 non
594 510 649 568 hoc
673 529 691 568 a
714 511 848 586 Vergilio
875 510 1021 584 relictum,
1049 510 1100 570 sed
1128 525 1140 565 s

82 599 162 675 quod
188 601 252 675 ipse
275 600 423 658 invenerit
449 601 482 656 in
508 599 599 672 libro,
630 599 681 674 qui
710 600 802 658 fuerit
832 619 866 657 ex
894 599 981 658 domo
1010 602 1099 674 atque

80 689 197 747 familia
222 689 347 766 Vergilii
376 685 417 746 ‘et
445 708 497 747 ora
517 682 532 767 J
555 690 655 747 tristia
683 692 885 763 temptantum
912 706 1013 746 sensus
1039 691 1099 746 tor-

80 777 184 854 quebit
208 772 345 853 amaron,
369 797 464 853 neque
489 778 520 835 id
546 779 603 836 soli
626 777 757 854 Hygin0‚
781 778 832 837 sed
855 776 950 835 doctis
980 776 1099 852 quibus-

81 868 150 926 dam
181 869 273 925 etiam
300 867 372 924 viris
403 867 622 941 complacitum,
653 869 795 942 quoniam
824 866 943 924 videtur
973 866 1099 924 absurde

81 957 141 1014 dici
160 951 261 1032 ‘sapor
279 974 366 1015 sensu
383 975 484 1015 amaro
503 950 646 1032 torquet',
666 957 823 1030 cumipse,
842 957 991 1031 inquiunt,
1011 973 1100 1029 sapor
1112 970 1138 1010 ro

81 1064 182 1105 sensus
206 1045 254 1119 sit,
286 1065 346 1104 non
377 1046 469 1103 alium
499 1045 531 1103 in
561 1048 654 1104 semet
682 1046 748 1120 ipso
772 1063 889 1103 sensum
916 1043 1034 1118 habeat,
1065 1063 1099 1103 ac

79 1134 204 1210 proinde
228 1136 268 1192 sit
291 1137 377 1210 quasi
400 1135 516 1193 dicatur
540 1129 653 1194 ‘sensus
677 1153 764 1193 sensu
788 1153 889 1192 amaro
912 1127 1052 1208 torquet’.

154 1233 221 1286 Geli.
237 1238 262 1298 1,
280 1237 315 1287 21
335 1247 477 1287 versusistos
491 1250 624 1295 -torquet
653 1232 703 1285 Sed
717 1232 791 1285 enim
811 1250 874 1285 cum
889 1231 1026 1285 Favorino
1041 1231 1098 1300 Hy·

79 1305 140 1374 gini
164 1304 395 1358 commentarium
422 1303 554 1374 legissem
578 1305 662 1372 atque
686 1303 712 1356 ei
736 1303 833 1356 statim
857 1302 1002 1371 displicita
1025 1305 1099 1356 esset

79 1375 231 1429 insolentia
251 1378 279 1429 et
297 1376 451 1429 insuavitas
470 1375 547 1428 illius
573 1377 668 1429 ‘sensu
686 1375 830 1442 torquebit
849 1376 964 1442 amaro’‚
987 1374 1052 1428 risit
1070 1377 1099 1428 et

80 1447 185 1501 ‘Iovem
192 1446 337 1515 lapidem'‚
347 1447 441 1515 inquit
452 1447 539 1514 ‘qnod
547 1447 755 1500 sanctissimum
764 1445 960 1499 iusiurandum
969 1446 1099 1499 habiturn

80 1521 132 1583 est,
150 1521 266 1586 paratus
286 1534 337 1586 ego
357 1517 449 1571 imaro
464 1536 526 1571 sum
538 1517 696 1588 Vergilium
710 1518 764 1570 hoo
777 1533 930 1584 numquam
945 1518 1097 1586 scripsisse,

80 1591 130 1643 sed
152 1589 296 1657 Hyginum
322 1606 374 1657 ego
400 1606 495 1643 verum
521 1589 613 1642 dicere
640 1589 766 1642 arbitror.
804 1605 861 1641 non
889 1587 963 1641 enim
990 1589 1097 1657 primus

79 1660 160 1714 finxit
184 1663 235 1713 hoc
259 1661 374 1714 verbum
391 1660 534 1730 Vergilius
553 1661 719 1728 insolenter,
739 1661 836 1713 sedin
856 1660 1025 1713 carminibus
1044 1660 1097 1713 Lu-

80 1732 150 1786 creti
168 1732 281 1786 invento
300 1749 366 1785 usus
386 1733 429 1784 est
448 1732 589 1803 [inventus
609 1734 651 1784 est
674 1731 765 1786 redu:
784 1749 831 1786 em.
853 1732 1017 1802 Ebreatbol]
1040 1749 1097 1785 non

78 1805 250 1928 tietb}
266 1804 587 1946 {lltttssttptttt
602 1802 1100 1946 latitattttttttttttt

79 1963 144 1999 oum
157 1946 264 1998 tuimur
277 1946 388 2000 misceri
402 1946 554 2013 absinthia,
568 1945 663 2016 tangit
677 1945 805 1999 amaror'.
834 1962 890 1998 non
904 1945 988 1998 verba
1002 1949 1096 1998 autem

79 2017 148 2085 sola,
167 2018 217 2070 sed
235 2033 330 2070 versus
353 2034 440 2087 prope
464 2020 538 2071 totos
558 2018 586 2070 et
604 2017 680 2070 locos
699 2034 810 2084 quoque
829 2016 941 2069 Lucreti
960 2016 1096 2085 plurimos

78 2090 218 2142 sectatum
243 2106 303 2142 osse
328 2089 483 2159 Vergilium
508 2089 642 2142 videmus.
680 2090 714 2154 cf.
738 2088 810 2142 Sero.
835 2106 860 2158 p.
879 2093 906 2153 2,
924 2092 987 2142 247.
1015 2090 1097 2142 uerba

80 2161 138 2214 ‘sed
161 2162 233 2214 enim
252 2192 285 2199 -
304 2161 436 2215 videmus'
461 2162 493 2214 tn
517 2162 627 2231 Hypani
651 2161 788 2228 exemplar
809 2162 909 2226 referre
932 2177 1017 2213 ausus
1039 2177 1096 2214 noa

78 2249 147 2296 urm,
167 2233 291 2300 quamvis
308 2234 368 2286 eius
386 2248 439 2286 esse
452 2233 557 2300 possint
572 2233 616 2300 (ef.
632 2232 764 2296 Froehde,
779 2232 913 2285 Festsobr.
924 2232 945 2297 f.
955 2232 976 2283 I
983 2232 1094 2285 Vahlen.

78 2303 178 2356 Berlin
197 2307 267 2357 1900
281 2320 311 2371 p.
328 2307 389 2358 542.
428 2304 545 2358 Ribbeck
559 2321 589 2372 p.
610 2305 725 2372 msa).

151 2416 166 2463 6
185 2409 254 2477 quid
273 2410 364 2464 Paris.
382 2411 467 2464 Vuae.
558 2411 642 2477 atque
662 2426 695 2462 ex
715 2410 800 2464 Vatis.

146 2661 239 2742 ‘ipse
263 2667 446 2736 Quirinali
473 2668 566 2725 lituo
589 2685 773 2742 parvaque
797 2667 945 2726 sedebat
971 2659 986 2746 s
1014 2667 1094 2725 sub-

78 2757 218 2816 cinctus
248 2756 374 2815 trabea
405 2757 580 2832 laevaque
615 2757 733 2815 ancile
764 2751 932 2832 gerebat'
987 2758 1018 2813 in
1048 2755 1094 2814 his

77 2845 211 2904 versibus
236 2839 323 2924 [Aen.
340 2849 368 2912 7,
386 2839 463 2923 187]
488 2863 599 2904 errasse
618 2845 756 2922 Hyginus
774 2845 942 2921 Vergilium
965 2846 1094 2920 scripsit,

76 2938 232 3010 tamquam
259 2954 318 2993 non
346 2935 590 2993 animadverterit
619 2935 718 2994 deesse
747 2935 861 3009 aliquid
888 2935 967 2993 hisce
994 2934 1091 2993 verbis

78 3020 153 3100 ‘ipse
186 3024 335 3092 Quirinali
365 3019 466 3082 lituo'.
526 3042 605 3080 nam
641 3024 671 3082 si
706 3024 800 3081 nihil
835 3025 936 3098 inquit
972 3023 1093 3082 deesse
1121 3043 1133 3084 s

77 3114 455 3188 animadvertemus,
492 3113 636 3171 videtur
672 3114 725 3170 ita
761 3113 911 3186 dictum,
948 3115 987 3170 ut
1023 3113 1094 3171 fiat

78 3200 187 3261 ‘lituo
216 3205 250 3260 et
277 3203 403 3260 trabea
431 3198 665 3276 subcinctus'‚
699 3201 792 3276 quod
821 3205 875 3260 est
904 3202 1002 3278 inquit
1033 3203 1092 3259 ab·

76 3291 342 3365 surdissimum3
373 3292 505 3366 quippe
529 3309 604 3349 cum
632 3292 745 3350 lituus
770 3293 818 3350 sit
840 3291 944 3369 virga
972 3291 1092 3349 brevis

75 3385 112 3439 in
131 3384 248 3456 parte,
272 3399 340 3456 qua
363 3380 549 3438 robustior
572 3383 637 3454 est,
661 3381 823 3458 incurva,
848 3399 916 3456 qua
937 3399 1091 3457 augures

75 3472 246 3544 utuntur,
277 3489 429 3545 quonam
457 3469 557 3527 modo
589 3463 813 3528 ‘subcinctus
836 3465 946 3528 lituo'
978 3468 1092 3528 videri
1107 3489 1132 3528 1o

73 3557 221 3636 potest?

131 3669 296 3709 Grammaticus
309 3669 426 3708 Romanae
440 3668 570 3718 fragmenta
589 3667 624 3709 cd.
636 3668 765 3709 turnioni
847 3661 888 3708 'bb
