2400 3824
106 193 150 255 52
289 193 495 246 Grammaticos
515 192 763 245 antevarronianae
782 191 943 260 fragmenta

107 354 179 408 mern
200 350 287 408 Varro
306 355 338 406 in
352 353 576 420 Antiquitatibus
594 359 619 406 et
636 369 687 407 rer.
706 359 774 406 rust.
795 353 880 418 tibris,
901 352 994 406 Cicero
1014 352 1125 406 Plinius

106 425 253 479 Suetonius
274 425 386 479 Gellius.
420 425 453 488 cf.
474 425 555 477 etiam
575 431 630 478 test.
652 429 676 475 6.

178 509 205 560 2.
234 506 331 559 Aelius
344 505 403 557 sine
418 504 482 557 aliis
496 505 727 573 appellationibus
740 510 904 558 memoratus
916 503 1126 572 deprehenditur

104 593 208 645 semper
230 576 307 644 apud
332 577 480 629 Varronem
504 576 534 627 in
558 576 635 629 libris
657 575 701 628 De
725 576 741 628 l.
762 565 826 628 Lat.
850 581 876 629 et
897 575 1021 628 Paulum
1041 575 1126 638 Festi,

106 650 217 716 saepius
235 647 312 715 apud
331 647 483 700 Ciceronem
497 646 610 699 Festum
629 647 673 713 (cf.
690 646 833 711 RScloell,
854 647 901 716 leq.
916 645 985 698 XII
1001 645 1058 699 lab.
1072 645 1125 699 rell.

103 736 132 786 p.
143 723 235 787 ibsq„
255 718 438 771 Reitzenstein
455 718 527 770 Verr.
544 717 656 771 Forscl.
669 734 698 787 p.
709 719 801 786 88sq.)
819 716 946 782 Gellium,
959 718 1034 771 sicia
1047 717 1128 770 etiam

108 791 184 858 apud
221 790 426 858 Quintilianum
458 789 626 842 Frontonem
658 790 814 842 Arnobinm
846 789 971 843 Serrium
1002 789 1128 842 Nonium

105 862 246 915 Isidorum
265 862 442 914 Priscianum
456 863 499 928 (ἒ).
532 863 566 925 ct'.
587 862 646 914 Au.
666 860 739 914 Gall.
759 861 794 925 fr.
810 865 847 914 28
865 861 951 925 infra.
988 858 1125 913 ‘Laelius'

105 935 187 986 etiam
206 933 384 986 librariorum
402 937 492 984 errato
511 933 649 985 inuenitur
663 948 717 999 pro
738 931 782 985 ‘L.
803 931 920 985 Aelius’.

178 1015 203 1064 3.
227 1012 300 1066 Suet.
318 1011 361 1065 de
388 1015 544 1080 qrarirm.2
586 1012 629 1079 (ea
658 1012 790 1081 Varrone)
826 1009 924 1063 Aelius
961 1009 1128 1079 cognomine

108 1080 216 1150 duplici
234 1081 301 1146 fuii3
325 1099 390 1134 nam
410 1084 438 1134 et
458 1081 653 1148 Praeconinus,
673 1081 748 1148 quod
767 1084 848 1150 pater
867 1081 927 1135 eius
945 1081 1128 1149 praeconium

107 1152 225 1218 fecerat,
250 1153 401 1206 vocabatur
420 1155 448 1206 et
468 1151 552 1219 Stilo,
577 1153 651 1219 qnod
673 1151 813 1206 orationes
831 1152 1008 1207 nobilissimo
1028 1153 1128 1220 cuique

107 1224 228 1277 scribere
255 1223 370 1278 solebat.
409 1225 441 1278 de
466 1226 637 1278 Praeconino
665 1225 699 1289 ct'.
727 1229 821 1278 test9
848 1231 873 1278 et
896 1225 984 1278 Varro
1011 1225 1049 1291 fir.
1066 1229 1127 1278 363.

108 1296 217 1349 ‘Aelius
235 1296 315 1350 Stilo’
335 1302 515 1363 nuncupatur
529 1298 688 1363 plerumque
706 1297 751 1350 illc
770 1314 788 1350 a
807 1296 897 1350 Festo.

179 1379 204 1428 4.
231 1375 303 1429 Suet.
327 1376 360 1428 de
384 1379 535 1444 pransae
564 1377 608 1442 (ea
634 1375 767 1445 Varrone)
793 1375 822 1428 L.
842 1374 939 1428 Aelius
967 1374 1128 1427 Lanuvinus

107 1461 248 1514 generque
257 1446 331 1498 Aelii
342 1445 398 1499 Ser.
410 1445 523 1499 Clodius
537 1447 656 1513 uterque
668 1462 753 1513 eques
763 1447 905 1500 Romanus
916 1447 971 1500 Cic.
982 1447 1067 1501 Brut.
1075 1449 1128 1499 205

108 1517 162 1570 fuit
181 1516 206 1569 is
224 1518 271 1639 ΕΙ..
287 1518 395 1588 Aelius]
415 1518 527 1570 omnino
547 1518 588 1570 vir
607 1518 736 1588 egregius
756 1520 784 1571 et
804 1533 888 1585 eques
903 1517 1048 1571 Romanus
1067 1535 1128 1570 cum

107 1587 205 1657 primis
245 1591 365 1642 onestus.
399 1590 431 1642 de
449 1605 545 1658 qenero
564 1589 598 1643 ab
617 1605 646 1643 eo
665 1590 810 1658 repudiato
828 1590 863 1655 cf.
883 1595 939 1644 test.
957 1591 1002 1642 18.

180 1682 204 1729 5.
234 1678 310 1731 Aelii
332 1695 424 1730 annus
446 1679 551 1731 natalis
574 1695 606 1730 ea
625 1680 684 1732 cius
701 1680 850 1732 amicorum
869 1684 957 1732 aetate
976 1679 1045 1745 (test.
1061 1682 1087 1731 6.
1103 1679 1144 1744 7).

108 1750 219 1802 ineunte
241 1750 297 1815 fere
319 1751 426 1802 saeculo
451 1751 564 1816 septimo
582 1767 609 1801 n.
629 1766 651 1803 c.
674 1752 762 1803 statui
781 1756 869 1817 potest
894 1749 938 1816 (cf.
954 1750 1129 1816 potissimmu

108 1820 221 1883 Boesclt,
241 1820 272 1873 de
292 1820 361 1872 XII
376 1820 429 1873 tab.
447 1822 502 1890 leqe
516 1838 534 1873 a
548 1836 634 1890 praec.
646 1823 742 1889 petita.
774 1821 920 1890 Cottinpae
934 1823 1007 1874 1893
1022 1838 1053 1889 p.
1069 1822 1130 1887 54);

108 1891 181 1957 quod
200 1908 233 1944 ea
251 1893 286 1957 fr.
302 1895 337 1944 43
356 1894 459 1961 epreqie
476 1893 662 1958 confirmatur.
695 1909 787 1946 annus
805 1894 900 1946 niortis
911 1897 974 1959 post
987 1908 1013 1944 a.
1030 1891 1130 1947 oollso

107 1963 165 2027 fuit
183 1964 250 2029 (test.
266 1967 292 2014 8.
309 1967 352 2016 12.
369 1966 424 2031 17).

181 2045 205 2094 6.
227 2042 280 2096 Cic.
300 2049 368 2096 arat.
383 2046 439 2096 230
468 2044 496 2094 et
519 2041 565 2095 hio
589 2041 703 2108 quidem
731 2042 850 2112 [Coelius
868 2041 1030 2111 Antipater]
1057 2041 1130 2094 hanc

109 2129 126 2165 a
153 2111 183 2164 L.
213 2113 307 2179 Aelio,
337 2113 373 2165 ad
401 2129 484 2180 quem
510 2113 631 2181 scripsit,
657 2113 702 2166 cui
728 2130 757 2166 se
780 2115 892 2182 purgat,
915 2112 1026 2166 veniam
1048 2112 1130 2180 petit.

109 2185 187 2237 Ilicet.
207 2185 245 2237 ad
269 2184 337 2237 Her.
357 2189 492 2250 4,12,1e
523 2201 577 2251 quo
604 2183 633 2237 in
657 2185 727 2238 vitio
756 2185 906 2255 [uerborum
925 2183 1128 2253 transiectioru]

110 2257 152 2307 esi
172 2253 282 2307 Coelius
302 2253 445 2323 adsiduus,
469 2258 501 2308 ut
519 2255 589 2308 haec
608 2257 651 2308 est
670 2257 753 2326 [deest
770 2257 847 2323 apud
861 2255 966 2325 Peter]:
989 2255 1020 2308 in
1039 2255 1131 2324 priore

109 2323 182 2378 libro
202 2325 253 2378 has
272 2341 315 2379 res
335 2326 372 2378 ad
390 2327 419 2380 te
438 2327 565 2394 scriptas,
588 2326 664 2388 Luci,
683 2327 818 2392 misimus,
838 2326 909 2381 Aeli.
942 2327 977 2392 cf.
997 2327 1130 2392 FMara,

109 2397 188 2450 Stud.
204 2397 293 2450 Lucil.
315 2399 410 2463 (Boua
424 2400 510 2467 1882)
520 2416 550 2466 p.
566 2403 610 2452 96.
643 2399 728 2452 Coetii
746 2405 835 2453 antem
855 2405 930 2452 aetas
947 2414 981 2452 en
999 2415 1030 2453 co
1049 2400 1132 2468 arqui

105 2473 202 2592 gotera
236 2469 308 2536 quod
340 2469 374 2523 L.
405 2469 499 2524 Crassi
530 2487 556 2523 a.
585 2470 701 2542 bullit)
728 2472 791 2524 nati
816 2472 945 2540 maqistcr
971 2470 1030 2534 fuit
1061 2471 1130 2536 (Cic.

140 2546 193 2593 rut.
211 2543 282 2608 102).

182 2627 197 2671 2
217 2619 325 2674 Laelio:
345 2638 393 2674 eni.
413 2622 520 2690 Popma
597 2626 613 2672 4
633 2620 738 2674 caelius
757 2623 797 2674 oel
817 2619 930 2674 cecilius
949 2620 1028 2674 codd.

183 2711 207 2760 7.
236 2709 309 2763 Suet.
329 2709 362 2763 de
384 2713 536 2778 pramm.2
566 2711 610 2777 (en
635 2710 766 2779 Varrone)
791 2709 821 2762 L.
841 2708 937 2762 Aelius
960 2739 997 2749 —
1019 2711 1132 2763 lentum

111 2778 291 2846 optimatium
300 2779 402 2844 fautor,
417 2781 450 2831 ul
459 2779 605 2833 Metellum
615 2779 794 2833 Numidicum
810 2780 956 2850 [conantem
965 2799 991 2835 a.
1001 2779 1132 2852 6451109]

110 2849 139 2901 in
163 2849 293 2902 exsilium
317 2850 467 2903 comitatus
492 2851 529 2904 sib
553 2851 590 2921 [a.
612 2850 750 2922 coenob}
786 2852 818 2906 de
841 2868 870 2906 eo
889 2851 951 2906 Lib.
967 2869 1027 2921 per.
1043 2857 1081 2907 69
1102 2852 1132 2905 in

111 2919 241 2973 exsilium
260 2921 448 2975 voluntarium
468 2922 598 2975 Rhodum
621 2922 762 2990 profectus
782 2924 825 2976 est
847 2922 943 2990 ibique
962 2922 1085 2994 legendo
1104 2925 1132 2978 et

11 3019 13 3028 ι
112 2991 252 3045 audiendo
276 3009 393 3061 magnos
416 2992 488 3047 vinos
514 2992 690 3046 avocabatur.
732 2995 827 3049 Rhodi
843 2995 955 3048 docebat
977 3001 1043 3049 tunc
1061 2996 1131 3050 Dio

111 3064 264 3132 nysiusille
278 3064 376 3117 Thrac
385 3064 543 3119 Aristarchi
556 3065 715 3134 discipulus,
730 3067 763 3119 de
772 3068 851 3120 cuius
864 3067 972 3120 ratione
981 3083 1043 3121 cum
1052 3068 1132 3122 Aelio

111 3136 294 3188 coreiecturam
311 3136 376 3200 fecit
390 3137 479 3190 Mara
498 3136 571 3204 (Iud.
587 3138 643 3191 lect.
659 3137 782 3192 Rostoclc.
803 3135 925 3207 1888s89
933 3154 964 3205 p.
980 3143 1025 3192 10.
1053 3139 1131 3194 Rbct.

113 3205 150 3258 ad
160 3205 227 3259 Her.
237 3208 341 3276 proleq.
351 3224 382 3274 p.
394 3210 448 3260 138
454 3209 510 3275 sq).
540 3214 655 3261 caeram
669 3210 702 3274 cf.
715 3209 758 3262 De
772 3209 828 3261 raa
838 3210 890 3262 litt.
901 3209 939 3262 ad
953 3208 1131 3280 Dionysium.

183 3297 210 3348 8.
231 3294 263 3346 de
283 3294 408 3349 Cicerone
427 3302 451 3349 et
471 3297 594 3350 Varrone
610 3298 686 3350 Aelii
704 3296 848 3366 discipulis
870 3298 904 3362 cf.
926 3298 1015 3352 Varro
1034 3303 1091 3353 test.
1107 3303 1131 3351 4.

107 3364 224 3502 ἐξίῃ
234 3365 346 3506 anbssius
370 3369 566 3436 psammaticus
591 3370 747 3422 coniectura
773 3369 888 3422 additur
913 3369 1023 3436 (Hertz,
1046 3369 1081 3424 cle
1099 3371 1133 3424 L.

80 3574 86 3584 ¹
160 3517 187 3565 9.
218 3478 304 3572 Ilum..
325 3537 354 3574 n.
376 3520 402 3574 b.
424 3524 464 3577 37
468 3525 511 3587 ‚9
536 3523 580 3577 est
607 3520 686 3592 apud
708 3521 839 3574 assistes
861 3521 891 3572 en
906 3519 1140 3573 lnbeseaixensem

11 3662 14 3683 ÷
68 3575 171 3648 Alam,
202 3586 288 3642 0111'118
307 3594 434 3660 patrem
457 3595 558 3667 Scipio
580 3593 768 3650 Aemilianus
792 3607 828 3645 ex
848 3588 1052 3657 proemium
1066 3588 1155 3640 'xmu-
