2400 3824
310 149 312 154 ¹
413 171 451 227 lo
470 172 617 226 Terentius
636 173 724 226 Varro
1012 170 1078 236 253

56 342 155 418 lapis
175 342 387 418 appellatur
405 341 441 399 in
459 340 740 416 pontificalibus
765 342 976 416 sacris‚'qui
994 343 1079 398 tunc

56 432 223 490 movetur
250 450 326 490 cum
349 430 497 506 pluviae
526 432 759 506 exoptantur3
787 431 839 487 ito
863 430 956 505 apud
984 431 1077 488 enti-

59 521 254 596 quissimos
273 521 413 578 mariale
432 538 571 578 sacrum
590 520 711 578 vocari
728 521 806 594 quis
825 537 893 577 non
912 517 1104 577 noveritis

56 609 149 667 unde
172 629 298 669 nomen
320 609 433 668 illius,

130 709 204 762 Non.
218 725 250 832 lp.
271 711 333 774 547,
352 711 369 762 3
387 706 521 762 trullcum
540 723 596 774 quo
614 724 714 760 monus
732 705 907 775 perluuntur.
934 705 1023 759 Verro
1043 705 1078 758 de

57 777 118 832 vita
140 777 237 848 popu'
258 778 379 833 Romani
401 778 450 832 lib.
470 778 484 832 Ῑ
501 801 547 832 -:
573 793 687 832 urceolum
701 810 728 817 -
741 791 808 832 illine.
845 778 880 843 cf.
900 777 983 831 Paul.
1003 776 1077 831 Fett.

52 868 83 920 p.
100 853 164 916 128,
179 853 204 903 5.
234 851 307 905 Feci.
321 868 348 920 p.
365 854 419 904 157
424 857 444 917 ¹,
457 855 502 905 29.

131 968 145 1009 1
175 973 265 1024 cqucc
284 956 396 1010 mcnole
417 956 484 1012 Gen.
509 957 593 1011 Rern.
618 971 709 1024 cquae
731 957 827 1025 (aquo)
851 953 992 1008 munulcm
1019 955 1077 1009 rell.

58 1034 74 1080 6
93 1027 151 1081 illis
170 1030 301 1083 nonnulli
318 1028 394 1082 codd.

489 1182 553 1237 199
577 1171 648 1257 [29]

126 1295 143 1353 l.
163 1295 191 1352 I.
237 1295 346 1352 nefarii
370 1326 421 1352 --.
469 1294 618 1368 nferre,
642 1293 735 1369 quod
760 1293 928 1352 adoreum
952 1296 1018 1368 est,
1041 1292 1078 1350 id

58 1403 127 1460 quo
147 1384 320 1442 scelerati
339 1385 394 1442 uti
412 1402 480 1442 non
495 1383 661 1457 debeant,
676 1401 743 1442 non
757 1383 925 1440 triticum
940 1382 997 1442 sed
1013 1382 1077 1440 far.

130 1483 205 1537 Non.
227 1500 257 1551 p.
280 1486 329 1547 59,
352 1486 368 1535 5
391 1496 474 1536 nefarii
495 1481 698 1552 proprietatem
721 1480 751 1534 in
774 1480 823 1534 lib.
845 1480 859 1534 I
882 1480 916 1533 de
946 1479 1005 1534 vitu
1027 1497 1078 1548 po-

56 1552 120 1622 puli
138 1553 260 1607 Romani
280 1552 368 1606 Varro
386 1552 535 1622 patefecit:
557 1579 571 1606 a
584 1567 644 1606 farre
657 1584 684 1592 -
697 1566 738 1606 rar.
776 1552 844 1606 Isid.
859 1552 919 1618 diff.
934 1553 1004 1606 verb.
1023 1555 1079 1606 423

56 1623 195 1692 nefarius,
224 1626 257 1676 ut
281 1622 370 1677 Varro
396 1623 552 1691 existimet,
580 1640 635 1677 non
664 1623 766 1693 dignus
792 1622 875 1677 farre.
912 1623 947 1688 of.
974 1623 1012 1677 r'd.
1038 1640 1077 1678 or.

57 1700 180 1762 10‚189.
214 1696 313 1749 Ascon.
333 1694 450 1749 Pedion.
470 1697 502 1749 in
517 1696 589 1749 Verr.
606 1699 630 1749 3.

131 1807 145 1856 1
165 1802 196 1855 id
215 1818 270 1870 quo
292 1801 410 1855 Onions:
427 1800 458 1854 in
476 1818 532 1869 quo
550 1802 591 1856 cel
609 1817 664 1868 quo
683 1801 759 1854 codd.

486 1955 552 2011 200
577 1945 648 2030 [33]

126 2070 143 2126 l.
168 2069 195 2126 I.
241 2068 394 2144 ideoque
418 2069 482 2127 hoc
505 2069 547 2126 cb
572 2087 630 2127 ore
654 2067 790 2125 dicitur
813 2066 986 2136 osculum,
1009 2083 1077 2122 non

57 2178 77 2216 a
101 2159 301 2232 suavitate,
324 2157 428 2232 unde,
452 2158 545 2232 quod
568 2157 687 2216 similo
710 2158 777 2230 est,
800 2156 947 2214 savium.
1028 2150 1034 2156 ’

130 2256 205 2310 Non.
217 2273 246 2324 p.
262 2260 324 2322 424,
339 2259 374 2310 15
393 2255 520 2308 osculum
539 2259 568 2309 et
586 2254 695 2308 savium
708 2253 753 2307 his
768 2251 959 2308 intellectibus
974 2251 1076 2305 discer-

56 2328 172 2391 nuntur,
192 2326 267 2394 quod
282 2327 317 2380 ab
333 2342 380 2379 ore
393 2326 528 2394 osculum,
548 2325 657 2380 savium
671 2343 688 2378 a
703 2325 842 2380 suavitate
856 2322 968 2378 dicitur.
987 2323 1076 2377 Varro

56 2398 93 2451 de
113 2397 172 2451 vita
189 2397 287 2466 populi
306 2397 426 2451 Romani
444 2398 469 2451 l:
488 2413 624 2461 ideoque-
638 2411 731 2451 savium.
762 2397 797 2462 cf.
817 2397 890 2451 Serv.
911 2395 987 2449 Dan.
1007 2397 1076 2449 11071.

57 2475 84 2536 1,
97 2473 162 2525 250.
183 2470 252 2524 Isto.
263 2470 323 2536 diff.
343 2473 406 2524 398.
425 2470 501 2524 Don.
518 2470 578 2522 Ter.
593 2487 658 2524 enn-
670 2473 695 2534 3,
709 2473 737 2534 2,
752 2471 776 2520 3.
798 2468 821 2523 0
826 2468 883 2521 GL
897 2468 918 2520 Ι
921 2467 947 2518 V
956 2469 1023 2531 289,
1033 2469 1076 2520 31.

56 2545 121 2606 370,
136 2544 181 2596 38.
206 2541 232 2593 V
244 2544 305 2606 170,
321 2544 363 2595 33.
394 2540 431 2592 M
434 2542 535 2610 Haupt
553 2545 637 2608 0112,
653 2544 714 2594 100.

131 2654 145 2700 2
167 2646 270 2718 simile]
290 2662 374 2700 suave
395 2648 513 2701 Merctor
585 2647 627 2699 est
645 2648 757 2714 scripsi:
775 2644 812 2697 sit

495 2798 560 2855 201
585 2789 634 2876 [4]

125 2914 191 2971 LI.
250 2913 341 2971 hunc
377 2912 476 2971 deam
513 2911 639 2971 Aelius
682 2906 734 2990 [fr.
758 2905 815 2990 27]
858 2913 964 2986 putat
1001 2927 1076 2968 esse

59 3003 236 3077 Cererem3
251 3002 311 3060 sed
325 3002 418 3077 quod
431 3004 468 3059 in
487 3001 624 3077 asylum
639 3001 700 3076 qui
719 3001 957 3078 confugisset,
971 3001 1075 3075 penis

56 3093 217 3165 daretur,
237 3109 312 3151 esse
331 3110 458 3149 nomen
478 3091 642 3148 fictuma
665 3109 752 3166 pane
772 3089 888 3148 dando
906 3088 1076 3166 pandere,

57 3181 152 3257 quod
176 3183 229 3240 est
252 3183 399 3256 aperire.

130 3280 205 3334 Non.
221 3282 341 3348 11441
360 3277 484 3347 pandere
498 3277 587 3330 Varro
606 3276 750 3330 existimat
768 3292 802 3330 ec
816 3292 901 3330 ceusu
915 3274 981 3344 dici,
1000 3257 1076 3344 quod

57 3350 108 3420 qui
134 3367 187 3419 ope
212 3349 372 3420 indigerent
398 3351 427 3402 et
452 3348 488 3402 ed
512 3347 622 3431 asylum
645 3347 751 3402 Cereris
777 3347 970 3417 confugissent
994 3347 1076 3414 punis

38 3421 538 3609 insuntltrnttlf
554 3419 822 3567 sonorus
836 3418 1120 3545 sn

55 3583 100 3610 anu
114 3588 138 3597 -
152 3573 245 3620 aporire.
388 3596 390 3599 v
596 3578 600 3609 ’.
