2400 3824
414 186 451 242 M.
471 184 618 242 Terentius
636 165 725 240 Varro
1011 187 1074 252 321

58 353 175 430 Attica,
208 359 243 415 ut
272 358 316 415 ait
339 357 448 432 Varro,
482 358 592 415 circum
621 357 702 416 vicos
730 356 774 415 ire
802 357 892 415 solita
920 357 1018 417 firerat
1046 360 1076 416 et

59 447 200 521 quaestus
224 446 271 504 sui
294 464 385 505 causa
407 447 463 504 hoc
486 465 578 526 genus
602 447 741 504 carminis
768 445 996 521 pronuntiabat3
1024 449 1077 505 aut

59 537 138 594 certe
154 534 263 595 aludis
278 535 470 611 vicinalibus,
488 554 559 594 uam
573 537 677 612 postea
691 553 780 611 quam
796 553 831 592 ex
848 536 928 613 agris
942 535 1076 594 Athenas
1104 555 1116 596 o

59 626 288 702 commigratum
316 629 361 684 est
389 628 419 684 et
445 626 478 683 hi
504 625 568 683 ludi
594 625 729 683 instituti
757 628 835 700 sunt,
865 625 942 684 siout
964 624 1076 683 Romae

59 713 259 789 conpitalicii,
290 714 328 772 ad
355 713 520 773 cauendum
548 713 708 790 prodibant
732 716 761 773 et
789 713 826 772 ab
849 712 964 772 urbana
991 712 1076 797 κώμῃ

58 799 108 861 καὶ
132 794 191 886 ᾠδῇ
216 803 369 862 comoedia
388 804 468 863 dicta
492 805 549 879 est3
572 804 620 863 vel
640 803 719 879 quod
741 805 774 861 in
797 821 832 860 ea
853 804 1022 863 viculorum
1046 803 1077 861 id

59 894 105 950 est
134 893 293 951 humilium
324 892 464 952 domuum
494 893 633 952 fortunae
663 891 985 969 conprehendebantur,
1016 911 1076 952 non

57 984 93 1039 ut
122 983 155 1039 in
184 982 341 1061 tragoedia
372 983 561 1059 publicarum
592 981 817 1059 regiarumque,
853 983 901 1042 vel
933 979 991 1042 ἀπὸ
1024 989 1076 1041 τοῦ
1091 1006 1117 1046 ro

58 1069 160 1147 κώμου
184 1071 214 1129 id
239 1074 284 1131 est
307 1072 509 1147 comisatione,
533 1072 604 1148 quia
628 1072 700 1131 olim
722 1073 755 1130 in
778 1073 841 1130 eius
860 1071 942 1130 modi
964 1071 1076 1131 fabulis

59 1162 226 1220 amantium
249 1162 391 1221 iuvenum
414 1169 507 1238 κῶμοι
531 1162 721 1222 canebantur.

130 1296 224 1350 Diem.
239 1313 269 1366 p.
285 1301 380 1362 488,3
399 1296 544 1350 comoedia
563 1297 606 1350 est
629 1296 755 1365 privatae
779 1294 924 1364 civilisque
947 1295 1077 1350 fortunae

58 1367 119 1420 sine
138 1366 263 1435 periculo
284 1368 381 1439 [vitae]
402 1368 616 1437 conprehensio,
640 1368 717 1436 apud
741 1366 860 1422 Graecos
883 1368 925 1422 ita
948 1367 1075 1422 definita:

59 1437 204 1510 ‘rapadion
220 1439 293 1495 ἐστὶν
309 1441 457 1494 ἰδιωτικῶν
471 1438 642 1509 πραγμάτων
656 1437 809 1501 ἀκίνδυνος
822 1439 959 1511 περιοχή’.
991 1465 1077 1494 comoe-

57 1525 97 1564 dia
113 1543 146 1551 -
160 1526 304 1565 caueamur.
334 1511 478 1566 comoedia
496 1528 514 1564 a
532 1511 681 1581 tragoedia
700 1510 803 1578 differt,
823 1512 899 1580 quod
917 1511 947 1564 in
965 1513 1076 1582 tragoe-

58 1582 108 1634 dia
130 1582 347 1636 introducuntur
373 1583 471 1636 heroes
500 1583 584 1636 duces
611 1599 705 1652 reges,
734 1582 764 1635 in
788 1583 932 1638 comoedia
955 1583 1076 1638 humiles

58 1655 144 1720 atque
163 1654 291 1722 privatae
311 1653 500 1726 (personae),
518 1653 548 1706 in
568 1653 619 1707 illa
632 1654 725 1708 luctus
746 1654 830 1707 exilia
849 1655 956 1722 caedes,
975 1654 1005 1707 in
1023 1655 1076 1708 hac

57 1741 179 1791 amores,
207 1726 348 1795 virginum
370 1729 481 1794 raptus,
511 1725 611 1780 deinde
635 1726 710 1793 quod
734 1725 763 1778 in
786 1725 837 1779 illa
860 1726 1021 1794 frequenter
1049 1729 1077 1779 et

56 1814 147 1864 paene
176 1813 285 1866 semper
316 1797 399 1850 laetis
427 1796 509 1850 rebus
539 1797 629 1851 exitus
661 1797 756 1851 tristes
784 1799 814 1851 et
840 1797 992 1851 liberorum
1020 1797 1076 1851 for·

56 1871 246 1936 tunarumque
265 1868 389 1937 priorum
407 1869 437 1921 in
456 1869 536 1938 peius
552 1887 567 1922 s
582 1887 599 1923 s
615 1868 742 1938 adgnitio
762 1868 868 1939 [tristes
887 1869 1076 1922 fortunarum-

58 1955 113 2008 que
132 1940 257 2007 priorum
276 1941 306 1993 in
325 1941 405 2008 peius
421 1939 625 2013 (commutatio
645 1941 807 2008 succedunt,
827 1940 856 1992 in
875 1940 928 1994 hac
947 1940 1075 1994 tristibus

57 2011 141 2065 rebus
161 2011 251 2065 exitus
270 2012 339 2066 laeti
358 2011 436 2067 velut
454 2011 593 2085 nuptiae>
613 2015 642 2066 et
660 2011 813 2066 liberorum
832 2012 960 2082 adgnitio
976 2012 1076 2066 Kcibel

59 2082 147 2138 ocF
158 2100 187 2151 p.
204 2083 260 2154 58].
298 2100 385 2152 quare
404 2084 482 2139 varia
500 2083 603 2156 [variat
621 2086 662 2139 cet
681 2086 777 2138 vareat
800 2084 888 2154 codd]
913 2081 1076 2138 definitione

57 2153 198 2208 discretae
226 2158 304 2222 sunt,
333 2156 422 2210 altera
450 2156 525 2209 enim
552 2153 705 2217 ἀκίνδυνος
727 2154 852 2238 περιοχή,
880 2154 970 2209 altera
993 2154 1077 2227 τύχης

57 2223 219 2294 repleturas
238 2227 315 2280 dicta
334 2229 376 2280 est
395 2227 501 2298 [dictae
520 2229 586 2280 sunt
604 2227 701 2298 codd}
739 2227 856 2280 tristrtia
879 2243 1000 2295 namque
1019 2230 1076 2280 tra-

57 2297 177 2367 goediae
192 2298 349 2366 proprium,
368 2299 487 2367 ideoque
506 2299 582 2370 [ideo
597 2299 672 2366 quod
686 2298 775 2368 codd]
794 2297 943 2366 Euripides
961 2300 1076 2367 petente

56 2368 196 2422 Archelao
218 2386 297 2440 rege,
321 2373 353 2422 ut
376 2370 411 2423 de
437 2388 465 2424 se
484 2370 660 2439 tragoediam
680 2369 822 2435 scriberet,
843 2369 943 2422 abnuit
962 2386 995 2422 ac
1014 2385 1076 2438 pre·

57 2443 137 2494 catus
164 2442 206 2493 est
231 2459 265 2494 ne
292 2442 432 2495 accideret
457 2441 595 2496 Archelao
624 2439 732 2509 aliquid
760 2440 925 2511 tragoediae
953 2441 1075 2511 [tragoe-

58 2512 121 2564 dice
147 2512 246 2566 Usener
269 2513 335 2566 ibid.
358 2531 387 2581 p.
409 2517 462 2568 621
477 2514 542 2567 adu.
563 2513 604 2583 1],
633 2512 783 2566 ostendens
811 2512 884 2565 nihil
912 2511 989 2565 aliud
1016 2527 1076 2565 esse

57 2583 235 2653 tragoediam
255 2601 338 2651 quam
358 2584 534 2637 miseriarum
557 2582 831 2651 conprehensionem.
868 2585 969 2652 poetae
992 2583 1076 2651 primi

57 2655 157 2708 comici
181 2655 294 2710 fuerunt
318 2655 450 2709 Susarion
473 2654 576 2708 Mullus
600 2658 629 2709 et
651 2654 776 2725 Magnes.
814 2654 844 2707 hi
866 2654 968 2709 veteris
993 2654 1075 2707 disci-

57 2725 153 2795 plinae
172 2725 307 2781 iocularia
333 2726 435 2799 [atria
449 2727 522 2798 AB]
546 2726 684 2794 quaedam
707 2726 800 2779 minus
820 2725 889 2780 scite
908 2742 940 2779 ao
959 2727 1075 2780 venuste

57 2798 289 2867 pronuntiabant,
309 2798 459 2866 inquibus
483 2798 512 2850 hi
531 2814 626 2852 versus
650 2797 776 2852 fuerunt:
798 2795 975 2864 ’Σουσαρίων
995 2799 1075 2851 ταυτὶ

56 2869 142 2939 λέγει·
155 2871 169 2943 J
181 2870 271 2925 κακὸν
285 2879 428 2940 γυναῖκες·
448 2866 503 2924 ἀλλ’
523 2865 603 2939 ὅμως,
623 2864 643 2923 ὦ
659 2868 787 2938 δημόται,
799 2871 813 2940 s
826 2869 876 2923 οδκ
895 2869 969 2924 ἔστιν
984 2869 1075 2936 εὑρεῖν

58 2939 154 2997 οἰκίαν
174 2941 242 2997 ἄνευ
261 2943 370 2996 κακοῦ’.
410 2942 533 2995 secunda
551 2943 645 2995 aetate
664 2941 779 2996 fuerunt
797 2940 1000 3010 Aristophanes
1020 2940 1075 2993 Eu-

55 3012 129 3082 polis
159 3018 188 3066 et
215 3012 344 3067 Cratinus
373 3012 492 3084 [oratius
515 3014 607 3067 codd:
634 3031 682 3068 era.
701 3013 764 3085 op.],
792 3013 841 3082 qui
864 3017 894 3066 et
915 3012 1075 3081 principum

56 3085 126 3138 vitia
145 3085 246 3138 sectati
265 3084 459 3139 acerbissimas
479 3085 636 3138 comoedias
656 3086 869 3152 conposuerunt.
897 3085 983 3138 tertia
997 3086 1074 3138 aetas

56 3156 112 3209 fuit
131 3156 279 3209 Menandri
298 3155 407 3225 Diphili
430 3158 459 3210 et
476 3155 661 3221 Philemonis,
685 3156 734 3224 qui
758 3173 869 3210 omnem
892 3156 1074 3210 acerbitatem

56 3227 219 3282 comoediae
246 3227 448 3297 mitigaverunt
476 3230 561 3295 atque
590 3230 756 3297 argumenta
783 3226 954 3296 multiplicia
986 3227 1074 3298 gratis

55 3299 178 3370 [graecis
201 3299 290 3370 codd]
314 3299 454 3353 erroribus
478 3299 566 3352 secuti
591 3301 663 3353 sunt.
702 3299 737 3351 ab
756 3299 800 3353 his
819 3299 940 3353 Romani
963 3296 1074 3352 fabulas

54 3369 270 3439 transtulerunt,
299 3373 327 3423 et
355 3373 466 3425 constat
494 3371 569 3439 apud
597 3370 660 3423 illos
684 3370 806 3440 primum
824 3370 924 3424 Latino
949 3386 1074 3424 sermone

55 3442 230 3497 comoediam
245 3443 355 3498 Livium
369 3443 559 3496 Andronicum
578 3441 729 3510 scripsisse.
760 3445 826 3495 sunt
844 3441 893 3510 qui
907 3441 994 3494 velint
1008 3440 1075 3511 Epi-

55 3513 201 3568 oharmum
214 3513 245 3567 in
260 3513 297 3569 Co
319 3515 411 3568 insula
430 3513 588 3568 exulantem
606 3512 730 3584 primum
748 3513 802 3568 hoo
820 3512 1081 3578 cmmeniredueu·

53 3589 129 3638 tasse
152 3586 244 3638 etsie
267 3601 285 3638 a
309 3585 364 3641 Coo
389 3586 568 3642 comoediam
592 3586 660 3644 dici.
698 3588 788 3642 antea
809 3585 915 3654 itaque
934 3580 1106 3652 adeersum

89 3697 260 3742 Grammaticus
274 3704 398 3746 Romanae
413 3708 554 3760 nements
577 3711 613 3753 ed.
629 3712 767 3754 Formis
858 3700 901 3750 Ἃ
