2400 3824
186 165 336 219 Porcellus.
373 165 511 219 Antonius
530 164 628 217 Rufus.
666 163 703 217 M.
719 163 832 218 Verrius
852 164 968 218 Flaccus
1031 163 1096 228 509

579 336 602 392 2

145 443 267 500 fuerunt
290 442 343 517 qui
366 441 450 500 nobis
475 459 592 516 quoque
617 441 770 499 adicerent
792 439 911 498 dualem
941 434 1095 516 ‘scripsere

77 526 198 608 legere',
222 531 301 606 quod
320 531 478 589 evitandae
502 529 673 605 asperitatis
696 529 795 608 gratia
815 528 964 586 mollitum
985 532 1039 603 est,
1062 533 1096 588 ut

77 620 159 696 apud
185 622 300 678 veteres
323 639 378 696 pro
406 613 496 678 ‘male
518 614 650 677 mereris’
681 613 770 676 ‘male
792 613 925 676 merere’.
971 618 1096 694 ideoque

78 709 158 784 quod
183 713 291 767 vocant
313 709 401 767 duale
419 710 452 766 in
474 708 527 766 illo
551 709 614 767 solo
633 727 739 786 genere
761 707 905 780 consistit,
929 725 995 766 cum
1015 707 1096 782 apud

77 796 205 856 Graecos
226 801 255 856 et
274 797 357 856 verbi
379 799 444 856 tota
464 798 526 856 fere
544 799 661 856 ratione
681 799 711 855 et
728 799 760 854 in
779 796 948 854 nominibus
972 796 1095 871 depren·
1124 808 1136 849 s

77 887 168 946 datur
182 890 212 945 et
230 889 272 946 sie
287 906 406 963 quoque
419 887 589 946 rarissimus
604 887 666 945 eius
681 888 721 944 sit
735 903 815 959 usna,
834 886 913 961 apud
927 889 1096 944 nostrorum

76 995 147 1034 vero
166 977 314 1034 neminem
332 977 405 1035 haec
429 975 596 1034 observatio
619 977 796 1050 reperiatur,
819 977 893 1050 quin
912 976 1095 1034 econtrario

78 1059 167 1144 [Aeu.
189 1070 217 1133 1,
233 1059 312 1144 365]
342 1059 498 1124 ‘devenere
520 1059 616 1124 locos’
640 1068 670 1122 et
699 1058 785 1142 [Aeu.
806 1057 886 1142 2,1]
915 1057 1095 1122 ‘conticuere

78 1148 191 1213 omnes'
214 1157 244 1212 et
268 1148 366 1232 [Ouid.
390 1148 575 1233 ruct.13,1]
601 1148 768 1213 ‘consedere
792 1148 890 1212 duces’
916 1156 1018 1228 aperte
1041 1171 1094 1212 nos

77 1244 203 1302 doceant
232 1244 308 1302 nihil
339 1245 444 1302 horum
473 1243 510 1301 ad
538 1243 612 1301 duos
641 1244 804 1318 pertinere,
837 1242 936 1300 dixere
967 1255 1136 1318 quoque,1⁰

77 1351 259 1408 quamquam
283 1333 315 1390 id
333 1333 482 1391 Antonius
501 1332 596 1391 Rufus
620 1352 654 1390 ex
673 1331 789 1390 diverso
813 1332 898 1407 ponit
919 1333 1094 1407 exemplum,

76 1422 113 1480 de
135 1421 270 1497 pluribus
294 1423 428 1497 patronis
451 1440 557 1497 praeco
580 1423 761 1497 pronuntiet.

151 1511 243 1581 Quini.
255 1517 280 1577 1,
291 1516 317 1578 5,
327 1515 364 1564 42
377 1526 469 1566 luerunt
478 1526 517 1574 qul
526 1544 552 1551 -
561 1525 696 1573 pronuntiet.
716 1512 750 1577 si,
764 1518 796 1565 ut
809 1511 925 1576 videtur,
941 1511 1096 1582 Veryt'liam'

77 1584 130 1637 loci
155 1591 180 1636 et
205 1583 360 1636 Ouidiaiucs
385 1601 404 1637 a
429 1584 506 1649 Rufo
533 1584 615 1637 allati
641 1589 719 1648 suut,
746 1584 805 1638 eius
832 1590 908 1637 aetas
935 1583 1095 1637 certioribus

75 1655 200 1710 uenture
218 1655 356 1721 definitur.

150 1758 180 1805 11
201 1767 372 1820 quamquam
391 1752 433 1822 id]
455 1753 530 1818 quod
548 1753 672 1806 Arutros.

296 1995 349 2080 M.
382 1993 611 2081 VERRIUS
643 1994 874 2082 FLAOOUS

419 2161 458 2227 A.
482 2162 751 2229 susurronis

76 2251 186 2304 VITAE

149 2337 172 2384 1.
193 2332 249 2385 <M.
270 2331 381 2385 Verrius
399 2331 537 2385 Flaccus'
563 2331 634 2385 Suet.
659 2333 703 2398 (cs.
727 2333 785 2386 iud.
808 2350 921 2402 orarum.
941 2340 966 2386 ct
989 2339 1044 2387 test.
1063 2335 1092 2402 2)

75 2409 102 2457 et
124 2404 253 2468 Hierum,
284 2405 417 2469 ceteroqui
444 2403 572 2456 ‘Verrius
595 2404 728 2457 Flaccus'
753 2405 926 2472 plerumque,
955 2405 1093 2458 iuterdum

77 2474 215 2528 ‘Verrius’
236 2481 262 2528 et
278 2475 393 2540 fortasse
412 2475 492 2527 etium
512 2474 664 2528 ‘Flaccus'.

147 2558 173 2606 2.
194 2554 265 2608 Suet.
285 2554 317 2607 de
334 2571 448 2624 yruorm.
464 2557 499 2608 17
513 2553 550 2607 M.
570 2554 624 2625 [itu
636 2561 668 2608 ut
681 2555 736 2609 uid.
752 2554 867 2609 Viudob.
882 2573 917 2609 ru.
930 2555 958 2626 1]
978 2553 1092 2608 Verrius

76 2624 192 2679 Flaccus
211 2625 368 2678 libertinus.
399 2625 491 2692 itaque
510 2626 584 2679 alius
601 2631 640 2679 est
658 2626 770 2680 Verrius
786 2627 906 2680 maccus
921 2628 963 2680 M.
982 2627 1093 2693 [tritu

76 2697 200 2750 Falcruu
210 2696 275 2752 ΟΠ,
283 2696 314 2748 Χ
323 2699 428 2762 3086ας
437 2698 471 2762 cf.
480 2700 552 2750 3734
559 2697 649 2765 (aliter
656 2697 777 2761 Schulze,
785 2698 849 2751 Lat.
858 2697 977 2766 Eiqeuu.
985 2701 1091 2768 p.495).

148 2781 173 2830 3.
193 2778 308 2831 Hierou.
331 2777 368 2829 ud
391 2793 416 2830 a.
436 2777 502 2830 Aer.
518 2776 728 2844 2024=761f8
757 2775 951 2830 Athenodorus
975 2777 1091 2833 Tarsen-

76 2848 114 2900 sis
135 2848 239 2901 stoicus
257 2846 441 2916 philosophus
460 2849 488 2899 et
507 2847 543 2899 M.
563 2846 676 2899 Verrius
695 2847 812 2901 Flaccus
831 2848 1030 2916 grammaticus
1049 2849 1092 2902 in-

75 2919 100 2973 si
120 2935 169 2972 nes
195 2919 341 2972 habentur.
384 2918 455 2973 Suet.
475 2919 507 2973 de
524 2936 637 2988 orarum.
653 2923 688 2974 17
712 2919 833 2972 decessit
856 2920 957 2973 aetatis
976 2922 1091 2975 exactae

76 3008 108 3043 su
147 2989 259 3043 Tiberio
279 2989 575 3062 [767s14-790s37}
617 2991 651 3044 ab
675 2991 764 3044 eodem
788 2990 917 3046 Suetonio
939 2994 1092 3060 accepimus

82 3063 206 3116 Verrium
225 3079 299 3116 anuo
317 3062 374 3127 fere
389 3061 496 3133 744s10
509 3063 544 3115 ab
560 3063 684 3131 Auyusto
702 3069 830 3131 nepotum
848 3065 1008 3132 morsuum
1027 3065 1090 3118 elec-

75 3140 134 3186 tum
152 3135 183 3186 iu
201 3133 345 3187 Palatium
364 3134 506 3188 transiisse
524 3134 569 3202 (cf.
584 3134 628 3186 De
646 3133 702 3187 lud.
723 3134 773 3188 litt.
794 3139 849 3188 test.
866 3136 920 3202 50),
940 3135 1013 3189 uude
1031 3153 1091 3189 eum

76 3205 201 3258 XXXV
215 3206 359 3259 uiuimuur
383 3221 471 3259 uuuos
492 3211 590 3259 uatum
612 3211 677 3258 tuuc
699 3205 785 3270 fuisse
807 3206 880 3272 eftiei
899 3213 995 3273 potest.
1019 3207 1091 3275 quod

74 3277 108 3341 si,
127 3283 159 3329 ut
172 3277 315 3344 probabile
334 3282 379 3341 est,
398 3293 467 3344 quae
481 3277 670 3330 Prueuestiuis
687 3277 770 3343 fastis
787 3277 925 3344 usquead
939 3296 964 3331 a.
981 3281 1035 3330 775
1038 3278 1092 3348 722

75 3347 174 3400 addita
196 3354 261 3401 suut
284 3347 375 3401 Verrii
396 3348 684 3414 terriculamentum
709 3349 746 3414 is,
772 3349 821 3416 qui
842 3349 989 3402 macedum
1011 3365 1091 3403 seueu

75 3419 194 3484 decessit,
212 3419 302 3487 spatio
321 3434 458 3473 auumum
478 3417 741 3490 carseo-roceo
759 3426 843 3473 uatus
861 3426 906 3474 est.
939 3422 974 3486 cf.
994 3426 1049 3473 test.
1065 3423 1090 3472 4.

147 3503 171 3552 4.
191 3498 263 3553 Suet.
279 3499 311 3552 de
324 3515 437 3569 yramm.
450 3503 484 3553 17
502 3500 625 3552 statuam
641 3498 728 3552 habet
741 3499 891 3554 Praeneste
910 3500 940 3552 in
958 3499 1091 3552 inferiore

75 3568 131 3624 fori
148 3571 229 3638 parte
248 3569 322 3623 circa
340 3569 545 3638 hemicyclium,
564 3570 594 3623 in
613 3587 668 3638 quo
686 3569 796 3625 fastos
816 3587 833 3624 a
852 3588 881 3624 se
900 3571 1043 3624 ordinatos
1063 3573 1091 3623 ct
