2400 3824
121 163 186 228 296
271 162 477 217 Grammaticus
496 163 598 217 aetatis
617 163 807 218 Varronianus
825 163 986 234 fragmenta

121 333 270 407 stipitum,
301 331 408 406 quibus
435 332 550 391 vallum
577 331 624 407 fit3
656 332 734 391 unde
765 336 863 391 cetera
891 351 1009 407 quoque
1041 333 1141 407 spatia

94 416 207 498 ⁶<ita>
230 420 376 480 dicuntur.

192 520 267 574 Aac.
289 520 399 574 Coraci.
424 537 469 588 cp.
491 520 612 575 Cassiod.
636 521 819 586 ortb.151‚3
845 534 965 573 manans
982 551 1009 558 —
1029 534 1139 574 nonum.

120 592 214 646 Albia.
234 593 301 646 crib.
317 608 347 660 p.
368 595 430 657 303,
444 594 482 644 23
506 589 686 644 intervallum
711 606 762 660 per
785 590 840 644 dno
859 589 870 642 l
889 589 1070 644 scribendum
1089 594 1139 644 eet

192 702 207 749 3
227 699 293 750 sunt
311 714 365 750 ras·
386 698 470 751 Bora.
491 699 517 750 st
536 697 628 751 Paris.
648 697 705 750 sint
724 698 838 752 Bricccl.
860 698 950 752 Colca.
1064 704 1080 750 5
1100 698 1141 750 ita

119 768 221 823 addidi
237 767 386 821 intervalla
405 770 471 823 Keil

187 1053 293 1092 narare
316 1052 485 1110 perunum
508 1054 524 1092 r
543 1033 691 1110 scribitur,
714 1036 750 1093 ut
767 1033 898 1093 Varroni
920 1034 1035 1110 placet3
1059 1053 1141 1094 secu·

119 1126 168 1182 tus
192 1127 237 1182 est
260 1125 340 1181 enim
363 1123 577 1202 etymologiam
600 1123 728 1182 nominis
752 1125 824 1198 eius,
849 1141 908 1198 qua
931 1142 1044 1200 gnarus
1069 1123 1140 1183 dici·

119 1214 170 1270 tur
206 1212 258 1287 qui
293 1214 349 1270 soit
381 1214 411 1270 et
447 1213 557 1289 accipit
593 1212 673 1287 quod
714 1213 799 1288 loqui
836 1212 950 1271 debeat.
1011 1212 1141 1288 denique

121 1301 298 1378 compositio
328 1300 412 1359 verbi
444 1301 488 1359 ita
520 1301 670 1374 scribitur,
701 1301 853 1378 ignorare,
887 1301 967 1376 quod
996 1321 1059 1360 non
1089 1321 1143 1378 per

93 1389 181 1448 uduo
204 1409 228 1464 r,
256 1389 307 1448 sed
329 1408 383 1465 per
405 1410 498 1448 unum
525 1389 674 1449 scribitur.
720 1389 787 1449 ideo
810 1393 841 1448 et
863 1392 981 1450 naratio
1009 1411 1106 1448 unum
1127 1411 1142 1448 r

119 1479 228 1537 habere
251 1478 346 1539 debet.

192 1578 341 1646 Papirion.
357 1594 401 1645 op.
419 1577 539 1632 Cassiod.
555 1579 622 1632 ortb.
633 1595 663 1646 p.
679 1582 741 1644 159,
755 1582 774 1632 8
791 1591 988 1632 narare—cenes
1018 1577 1140 1633 Cassiod.

120 1665 175 1702 ccc.
191 1666 221 1718 p.
235 1652 301 1714 212,
310 1654 335 1702 4.
374 1649 429 1702 Vel.
444 1649 532 1719 Loap.
544 1666 574 1717 p.
590 1653 664 1714 80,8
682 1665 750 1702 eane
768 1648 798 1701 in
817 1664 850 1702 eo
869 1649 945 1715 quod
964 1650 1008 1702 ast
1026 1665 1142 1704 narrare

121 1719 298 1774 observatum
317 1721 360 1773 eet
378 1722 410 1773 ut
428 1737 515 1772 unum
532 1737 547 1772 r
561 1718 753 1786 scriberemus,
772 1719 906 1787 quoniam
919 1719 998 1773 venit
1012 1736 1030 1774 a
1042 1737 1141 1790 gnare,

121 1791 166 1844 cui
190 1793 233 1844 est
256 1791 426 1844 contrarium
448 1791 572 1860 ignarus.
617 1792 651 1857 cf.
677 1792 765 1846 Varro
783 1791 817 1844 dc
839 1793 856 1846 l.
872 1792 906 1845 L.
928 1796 954 1857 6,
969 1795 1013 1844 51.
1053 1793 1142 1860 Caper

121 1863 190 1917 ortt.
205 1880 234 1931 p.
255 1867 300 1929 96,
315 1867 338 1916 6.
377 1863 472 1917 Albia.
492 1864 559 1917 ortb.
576 1880 605 1930 p.
625 1866 687 1929 305,
702 1866 745 1916 34.

194 1968 350 2022 lnominis
376 1985 408 2022 eo
435 1969 511 2037 quod
535 1986 581 2038 gn.
609 1969 635 2022 d.
662 1968 712 2036 qui
738 1986 759 2022 s.
786 1970 814 2022 et
840 1968 950 2038 accepit
976 1971 1048 2024 ocni.
1076 1969 1143 2024 Keil

122 2045 137 2092 3
158 2039 207 2106 qui
222 2038 300 2106 loqui
314 2041 407 2094 Paris.
427 2040 496 2107 quid
510 2039 526 2091 l.
544 2042 629 2094 Rem.
702 2047 718 2094 4
738 2040 826 2111 quod]
845 2055 900 2109 qne
914 2041 1030 2094 Brucel.
1048 2042 1141 2095 Colca.

121 2233 170 2286 DE
191 2233 284 2288 SONO
304 2234 431 2289 VOCUM

544 2353 615 2410 278
640 2345 711 2430 [55]

189 2457 263 2515 scire
286 2458 404 2533 oportet
434 2475 548 2530 vocem,
579 2459 657 2516 siout
685 2476 770 2517 omne
799 2475 919 2533 corpus,
948 2459 1004 2516 tris
1032 2458 1144 2517 habere

122 2544 291 2619 distantias,
304 2541 564 2623 (longitudinem)
577 2545 769 2604 altitudinem
784 2545 1019 2605 crassitudinem.
1045 2547 1143 2625 longi-

121 2634 255 2693 tudinem
285 2637 418 2711 tempore
443 2654 477 2694 ac
505 2635 629 2710 syllabis
656 2637 809 2710 metimur3
839 2654 909 2692 nam
937 2638 967 2692 et
994 2639 1144 2711 quantum

121 2743 223 2782 morae
247 2723 437 2782 enuntiandis
456 2725 555 2783 verbis
578 2727 693 2783 teratur
716 2726 747 2782 et
764 2727 877 2799 quanto
896 2743 1020 2783 numero
1039 2725 1144 2784 modo·

96 2826 181 2887 eque
214 2812 400 2887 syllabarum
436 2833 528 2871 unum
561 2811 700 2889 quodque
733 2814 773 2872 sit
805 2812 941 2888 verbum,
977 2813 1144 2889 plurimum

121 2901 221 2960 refeit.
263 2901 455 2959 altitudinem
472 2902 614 2961 discernit
638 2904 784 2975 accentus,
808 2919 875 2960 cum
898 2920 967 2977 pars
985 2902 1070 2961 verbi
1090 2906 1145 2961 aut

122 2992 154 3048 in
173 3008 265 3066 grave
284 2989 461 3065 deprimitur
478 2995 532 3050 aut
555 2991 735 3049 sublimatur
757 2991 786 3048 in
808 2993 936 3050 acutum.
975 2992 1144 3051 crassitudo

123 3083 223 3137 autem
256 3079 288 3136 in
319 3080 427 3154 spiritu
461 3082 519 3152 est,
554 3080 633 3138 undo
663 3081 754 3138 etiam
787 3078 893 3138 Graeci
927 3079 1143 3154 aspirationem

123 3167 290 3243 appellant3
320 3186 390 3225 nam
418 3187 518 3228 omnes
543 3186 630 3228 voces
657 3171 710 3227 aut
740 3169 899 3243 aspirando
922 3169 1048 3228 facimus
1075 3173 1143 3245 pin·

82 3271 109 3312 ro
123 3256 250 3332 guiorcs,
279 3259 333 3314 ant
356 3258 418 3314 sine
443 3259 577 3332 aspirata
600 3257 820 3333 pronuntiando
843 3259 1000 3316 tenuiores.

184 3354 307 3428 [Mysi]
318 3357 389 3426 capt.
406 3356 438 3410 ia
451 3355 527 3411 Dori.
540 3373 570 3426 p.
581 3360 645 3423 525,
654 3360 689 3410 24
708 3371 764 3410 eene
779 3359 875 3410 autem
889 3373 977 3418 oportet
988 3387 1011 3396 -
1022 3371 1142 3412 murore..

99 3424 137 3488 el?
152 3427 247 3483 Prisc.
262 3429 325 3483 III
334 3433 400 3499 519,
412 3434 437 3487 6.
462 3430 549 3504 Diop.
567 3428 663 3485 Lacct.
676 3433 705 3496 7,
715 3432 759 3482 55.
784 3429 893 3481 Lucra.
906 3431 1004 3491 mett.
1037 3429 1141 3493 Larecb,

85 3493 275 3569 rtvraehpm'l.
298 3503 329 3559 d.
352 3504 443 3562 Alteri
463 3508 613 3575 3,119sq.
659 3501 693 3557 dc
715 3501 747 3556 oi
765 3499 991 3560 collocutionum
1011 3495 1160 3563 bilem

53 3564 112 3628 ⁶75
140 3567 320 3634 W'lmanns
341 3581 418 3637 ibid.
435 3598 469 3652 p.
487 3583 536 3636 52.
