2400 3824
258 174 403 230 Cornelius
421 176 535 230 Balbus.
567 175 688 255 Vergilii
707 177 910 232 obtrectatores
1026 178 1091 242 543

380 390 613 458 OARVILIUS
636 391 793 459 PICTOR
900 422 906 434 ·

141 523 218 581 Suet.
247 524 309 582 rell.
338 542 371 597 p.
393 523 434 581 65
453 523 490 581 R.
533 526 578 582 est
610 527 640 583 et
675 524 814 584 adversus
846 525 981 584 Aeneida
1017 526 1093 586 liber

75 611 188 670 Carvili
211 612 338 671 Pictoris
360 613 451 671 titulo
475 613 739 672 Aeneomastix.

148 730 276 785 ‘oaroor
293 730 344 797 (ito
358 729 490 798 truditur)
504 746 557 798 per
569 747 586 784 o
600 731 771 786 somtrmtmu
785 738 831 798 eet,
845 738 878 786 ut
890 733 1009 787 oormm't
1024 733 1092 788 oro-

73 803 180 856 uom'us.
217 801 282 855 tuto
299 802 428 870 scriptori
446 801 520 855 toeuo
537 801 627 856 Sumit
645 803 714 856 Arm.
735 806 760 869 5,
776 806 829 856 521
849 803 1002 874 (=fro9m.
1022 803 1094 873 quod

74 875 205 927 coutimuo
223 873 354 941 sequitur)
373 873 454 942 outoo
473 873 621 940 trrtuttur;
641 874 687 927 sed
705 890 767 928 oum
785 892 803 928 o
822 874 914 928 Seruio
932 875 971 928 ort
988 892 1093 929 uersum

75 945 259 999 bucolicorum
278 945 346 1012 (buo.
360 946 388 1010 2,
402 947 439 998 23
454 970 487 988 =
502 944 569 998 roro.
587 945 623 1012 fr.
642 947 671 1013 2)
695 962 792 1000 rureuo
815 945 1038 1016 Veryrtr'omootr'ae
1055 948 1095 1000 ato

74 1022 107 1070 ut
133 1018 216 1070 attero
242 1017 298 1069 loco
323 1021 495 1082 memoretur,
523 1016 595 1084 quod
623 1017 659 1069 aot
684 1017 901 1072 ‘Aeueomoetr'u'
925 1018 973 1072 otu
1000 1019 1095 1086 opteri

71 1093 168 1156 potest,
184 1087 428 1157 Verqttr'omoatr'qie
437 1087 554 1156 eorr'yrtor
564 1104 582 1140 o
593 1087 714 1142 Caruilio
723 1089 906 1159 seyreoaudua
915 1105 968 1144 osor
978 1091 1093 1144 uidetur.

150 1210 421 1266 taeneidoemastix
444 1212 538 1282 Sumo,
561 1213 634 1266 mute
656 1212 887 1267 Aeneidomestix
910 1215 1012 1285 Haqem
1031 1220 1096 1283 post

77 1283 224 1338 Lotrer'um
249 1284 298 1352 qru’
324 1290 415 1338 tamem
440 1285 497 1352 ipse
524 1285 694 1354 comparauit
712 1281 913 1355 Ὁμηρομάστιξ
939 1292 964 1340 et
986 1283 1095 1340 Cicero-

76 1354 180 1408 mastix
200 1354 279 1423 (ooo
295 1357 421 1424 17,1,1)

398 1534 775 1601 VERGILIOMASTIX

576 1689 593 1742 1

148 1784 315 1865 ‘artemque
348 1793 434 1867 peter
467 1810 626 1866 arcumque
665 1788 844 1852 sonantem'.
902 1794 1004 1868 oulpat
1040 1794 1096 1852 hoo

78 1878 338 1957 Vergiliomastix,
367 1883 462 1939 artem
490 1883 568 1938 enim
596 1881 628 1938 in
652 1899 744 1940 vaouo
769 1901 835 1940 aere
859 1882 1012 1942 ostendere
1036 1903 1095 1942 non

78 1971 205 2044 poterat.

152 2076 224 2130 Sero.
240 2079 309 2130 Aeu.
325 2081 351 2143 5,
366 2081 419 2132 521
439 2095 553 2140 artemque
567 2110 593 2116 -
606 2095 699 2141 poterat.
719 2095 890 2146 quamquam
905 2079 1001 2133 dicant
1010 2079 1097 2149 periti

79 2163 161 2215 posse
180 2163 214 2201 ex
232 2147 294 2216 ipso
314 2148 525 2217 sagittariorum
544 2151 627 2218 gestu
645 2151 713 2204 artis
732 2150 863 2218 peritiam
882 2150 1011 2206 indioari.

580 2302 603 2359 2

148 2424 218 2464 sane
255 2407 333 2465 huno
369 2425 486 2466 versum
523 2408 601 2466 male
638 2407 822 2485 distinguens
853 2408 1096 2485 Vergiliomastix

80 2497 246 2570 vituperat:
267 2490 324 2555 ‘lae
338 2496 412 2555 mihi
430 2515 491 2554 non
506 2498 619 2555 aestate
633 2515 751 2571 novum,
770 2516 830 2555 non
844 2498 967 2575 frigora
983 2491 998 2576 l
1014 2495 1095 2556 defit'

80 2583 112 2641 id
136 2586 181 2641 est
204 2603 319 2660 semper
341 2585 415 2642 mihi
438 2584 528 2643 deest.

153 2701 225 2756 Serv.
246 2703 304 2755 buc.
319 2706 346 2767 2,
365 2705 402 2756 23
420 2726 474 2756 eane
488 2716 548 2755 hune
562 2733 589 2740 -
603 2716 668 2755 deest.

462 2897 718 2964 HERENNIUS

148 3029 224 3088 Suet.
235 3031 297 3089 rett.
307 3049 338 3104 p.
352 3031 394 3089 65
403 3031 440 3088 R.
459 3030 627 3089 Herennius
641 3033 760 3089 tantum
775 3033 851 3091 vitia
865 3033 927 3090 eius
943 3025 1095 3111 [Verm'tr‘i]

82 3151 124 3160 -
149 3121 304 3178 contraxit.

153 3228 237 3281 tutus
259 3228 469 3296 ottummottom'o
492 3229 523 3282 tu
541 3245 626 3282 morea
645 3234 668 3281 et
691 3228 722 3281 tm
741 3234 826 3282 ortem
850 3229 964 3299 Verortu'i
981 3229 1098 3297 eoriptoe

80 3300 195 3369 uestigio
214 3299 291 3368 umori
310 3298 433 3353 Seruium
451 3305 476 3354 et
495 3301 670 3354 Moerotr'um
688 3305 794 3365 eutout,
814 3316 882 3368 quoe
901 3299 1019 3354 niobem
1035 3301 1098 3354 eut·

80 3372 166 3425 trtr'ter
189 3371 335 3440 tudoqautt
353 3371 381 3439 (l.
401 3387 421 3424 o.
436 3389 467 3440 p.
487 3373 587 3440 wem).
621 3371 653 3424 oe
673 3371 787 3441 Vormtr‘t
809 3372 936 3439 turpibus
959 3371 1098 3425 emoritur

81 3443 116 3509 os.
132 3441 204 3496 Sero.
221 3443 278 3496 buo.
297 3445 363 3508 2,1.
384 3445 410 3509 5,
424 3446 468 3496 89.
492 3446 577 3509 2,15.
602 3446 627 3508 3,
641 3446 679 3496 20
704 3443 786 3511 (Suet.
805 3442 863 3496 rell.
878 3459 907 3510 p.
928 3446 964 3496 57
979 3443 1040 3511 R.);
1065 3443 1098 3496 de

77 3514 184 3585 poetico
207 3513 324 3579 artifieio
349 3513 383 3579 ef.
404 3513 477 3568 Sem.
515 3515 584 3568 Aem.
602 3518 629 3580 8,
644 3517 705 3568 552.
728 3516 793 3567 288.
816 3516 880 3566 291.
908 3519 932 3580 1,
946 3517 1009 3566 275.
1034 3516 1096 3567 450.

82 3590 109 3653 3,
127 3588 192 3639 276.
212 3589 332 3651 10,157.
353 3589 416 3639 861.
437 3589 481 3652 12,
500 3589 537 3640 83
556 3592 602 3640 eto.
636 3586 760 3640 Moorot.
780 3585 825 3639 m.
843 3585 889 3640 VI.
