2400 3824
85 197 149 262 170
233 197 438 252 Grammaticae
457 198 559 252 aetatis
578 197 769 253 varronianae
787 197 947 268 fragmenta

82 359 159 414 codd.
232 357 369 429 8inquit]
387 358 462 412 enim
477 359 658 430 1669661646
731 363 764 412 10
778 365 804 413 et
818 364 851 412 15
869 357 949 412 labas
962 358 1096 428 Mapiiab.

84 431 182 501 Regio.
202 434 258 484 597
271 438 296 485 et
311 434 390 485 1646.
433 431 507 485 Voss.
527 431 591 484 Lat.
606 431 637 484 F
652 435 706 485 112
790 437 821 484 11
842 430 944 500 quibus
964 445 1097 484 oonserm,

83 504 239 570 (oumserm.
264 502 337 556 Voss.
366 503 430 556 Lot.
446 501 520 569 Fr)
548 503 632 556 Besa.
659 502 732 557 Voss.
828 507 860 554 16
888 503 921 556 tu
948 518 1000 556 om.
1025 501 1097 555 Voss.

83 574 219 628 Lam
254 575 315 626 tum
334 575 427 627 Paris.
443 575 528 628 Baro.
565 573 852 644 66661669661646
941 571 1098 626 acidiam

82 643 178 769 {iffi}
193 643 304 713 (iambis
333 646 429 712 Rern.)
460 646 544 699 Baro.
569 645 661 699 Paris.
691 646 764 699 Voss.
793 644 938 699 16666
974 643 1017 697 ita
1043 642 1098 696 iam

105 715 127 769 ‘s
178 721 233 770 orta
571 737 575 746 ·

520 869 563 925 24
588 861 659 944 [51]

149 974 316 1032 invenimus
340 973 371 1030 in
393 973 605 1031 commentario
624 973 786 1050 Nigidiano
810 972 932 1032 verbum
953 965 1098 1032 ‘autumo'

83 1064 280 1137 compositum
295 1082 330 1121 ex
345 1056 406 1120 ‘ab'
421 1063 642 1137 praepositione
658 1065 688 1120 et
701 1062 792 1122 verbo
806 1055 962 1121 ‘aestumo'
975 1060 1099 1120 dictum·

84 1171 143 1227 que
170 1153 309 1210 intercise
337 1154 460 1209 autumo
484 1153 571 1226 quasi
598 1152 781 1225 abaestum0‚
811 1151 890 1227 quod
919 1150 1100 1228 significaret

84 1242 181 1299 totum
206 1243 348 1314 aestum,
371 1243 527 1315 tamquam
550 1239 719 1299 abnumero.

157 1338 225 1394 Gall.
246 1343 289 1405 15,
304 1343 360 1404 3‚4
383 1353 509 1392 invenimus
528 1339 623 1391 autem
641 1353 666 1392 un
680 1371 707 1378 -
721 1354 848 1392 numero.
886 1337 943 1404 sed,
967 1337 1045 1406 quod
1064 1337 1100 1391 sit

84 1427 148 1463 cum
175 1410 280 1463 honore
307 1410 397 1463 multo
426 1409 533 1463 dictum
560 1409 590 1464 P.
614 1409 725 1479 Nigidii
754 1408 876 1464 hominis
908 1407 1100 1476 eruditissimi,

84 1480 219 1534 audacius
238 1480 291 1535 hoc
311 1481 494 1552 argutiusque
513 1496 573 1534 esse
596 1480 708 1534 videtur
727 1499 812 1550 quam
836 1480 936 1534 verius.
975 1481 1100 1536 Maeroo.

83 1552 248 1607 666061(
264 1553 291 1606 V
306 1557 369 1618 606,
385 1557 420 1606 19
447 1551 581 1623 Nigidius
608 1553 704 1606 tamen
731 1554 815 1621 putat
841 1551 958 1606 verbum
986 1553 1100 1605 autumo

83 1622 161 1695 (ex)
180 1623 278 1677 eadem
296 1622 504 1692 praepositione
524 1623 653 1691 conponi,
675 1623 756 1693 quasi
775 1623 939 1690 abaestimo‚
959 1622 1034 1676 siout
1053 1622 1100 1676 ab·

83 1711 199 1748 numero
226 1695 302 1750 idem
331 1699 374 1750 est
402 1696 431 1750 et
457 1711 581 1748 numero.
632 1693 669 1748 id.
694 1711 749 1749 exc.
765 1697 843 1750 Boo.
867 1695 933 1749 adid.
953 1712 984 1763 p.
1005 1697 1102 1761 632,6

83 1765 215 1836 Nigidius
230 1766 260 1819 in
275 1766 482 1821 commentariis
502 1765 762 1837 grammaticalibus
776 1765 892 1820 verbum
906 1767 1023 1820 autumo
1038 1782 1101 1820 con·

83 1837 208 1906 positum
233 1839 273 1891 ait
292 1854 325 1892 ex
344 1837 553 1906 praepositione
577 1837 613 1891 ab
632 1839 661 1891 66
679 1837 763 1892 verbo
788 1838 915 1902 aestimo,
939 1836 1102 1905 dictumque

83 1909 216 1963 intercise
235 1911 358 1976 autumo,
377 1911 523 1978 tamquam
538 1909 562 1962 si
577 1909 718 1962 diceretur
736 1908 900 1975 abaestimo‚
920 1907 997 1977 quod
1015 1907 1102 1978 signi-

83 1981 181 2034 ficaret
199 1982 291 2034 totum
311 1979 437 2034 aestimo.
470 1981 501 2034 id
514 1981 580 2035 ibid.
592 1998 622 2048 p.
638 1984 700 2046 637,
710 1984 749 2034 27
767 1981 859 2035 ecdem
874 1980 972 2048 reperit
984 1980 1102 2051 Nigidio

83 2053 228 2120 appellato.
266 2053 300 2118 cf.
320 2053 373 2106 Oic.
389 2059 457 2106 orat.
474 2056 536 2106 158.
576 2051 669 2120 Quint.
686 2057 711 2118 1,
725 2057 752 2117 5,
767 2057 810 2107 69.
848 2052 982 2120 Prsap.
999 2055 1100 2118 1614.

84 2127 130 2189 69,
143 2128 169 2177 3,
200 2127 302 2188 4616.
349 2123 472 2177 Maeroo.
501 2140 556 2178 exc.
584 2122 651 2177 666.
675 2141 706 2191 p.
726 2128 790 2190 coo,
805 2126 848 2178 rr.
882 2125 945 2189 667,
958 2127 1004 2177 so.
1048 2123 1100 2177 Vc.

84 2194 172 2264 Lonp.
200 2212 230 2262 p.
252 2199 296 2259 66,
312 2197 336 2246 7.
392 2195 467 2247 Auo.
497 2194 577 2248 Coro.
605 2211 650 2262 cp.
681 2194 802 2249 Cassiod.
830 2194 898 2248 ortt.
926 2211 959 2263 p.
979 2198 1043 2260 161,
1055 2197 1099 2248 22.

85 2265 187 2320 Aaecd.
203 2266 242 2318 H.
257 2283 288 2333 p.
307 2269 370 2331 295,
384 2269 429 2320 24.
468 2265 549 2321 OGL
563 2266 613 2320 IV
626 2269 672 2331 23,
688 2270 713 2319 6.

156 2354 226 2407 2ab
245 2372 286 2425 69.
324 2369 377 2407 ean
397 2353 533 2423 Mapliab.
552 2359 619 2408 os.1
656 2371 693 2406 66
712 2353 849 2424 Mayliab.
869 2357 938 2408 1162
955 2361 981 2409 et
998 2355 1056 2408 roll.

520 2505 564 2563 25
605 2507 647 2562 43

150 2615 235 2688 quia
259 2611 320 2687 qui
343 2611 489 2686 parcior
512 2498 670 2684 est‚[su]o
694 2614 888 2670 contentus
913 2613 981 2686 est,
1009 2585 1101 2687 duod

83 2721 213 2762 avarus
236 2721 305 2760 non
328 2701 427 2759 facit.

154 2799 323 2854 6661166.
347 2816 435 2869 georg.
457 2804 480 2865 1,
496 2803 531 2852 47
563 2798 653 2864 avari,
677 2798 707 2851 id
731 2800 775 2852 est
799 2797 927 2867 quamvis
950 2799 1036 2853 avari.
1073 2800 1103 2852 et

82 2869 145 2939 plus
166 2872 209 2923 est
227 2887 312 2936 quam
330 2869 355 2922 si
374 2869 492 2923 dixisset
510 2869 595 2938 parci.
626 2869 771 2939 Nigidius:
791 2884 845 2932 quia
859 2901 886 2909 -
899 2883 960 2924 fecit.
989 2870 1101 2925 haecine

83 2943 114 2994 ic
128 2942 174 2994 lib.
185 2941 285 2992 XXIX
294 2940 393 2994 oront?
411 2941 456 3008 (of.
470 2941 507 3006 fr.
520 2944 579 3010 11),
593 2958 659 2994 66111
671 2943 704 2994 de
718 2943 910 2996 commemorio
923 2942 1102 3012 grammatico

82 3013 163 3066 nullo
181 3012 318 3066 dubitatio
336 3019 374 3066 est
393 3014 437 3079 (cf.
457 3013 539 3066 etiam
557 3012 671 3066 66666111
689 3013 762 3068 Sero.
778 3013 816 3067 ad
832 3013 939 3082 61627).

532 3165 577 3221 26
616 3163 635 3219 5

101 3265 114 3296 “’
150 3268 270 3327 bibendi
285 3269 407 3328 avidum
420 3268 453 3326 P.
464 3269 492 3326 Ν
492 3157 650 3346 igidiudid
662 3270 884 3330 commentariis
897 3269 1103 3348 grammaticis

83 3357 217 3416 bibsoem
242 3361 272 3415 et
294 3356 431 3417 bibosum
454 3357 534 3416 dicit.

145 3455 214 3510 Gerr
236 3462 263 3524 3,
280 3461 325 3524 12,
342 3463 360 3513 1
382 3471 477 3514 bibendi
491 3489 518 3497 -
532 3471 594 3513 (666.
626 3456 759 3511 bibaeem
775 3473 828 3526 ego
838 3459 878 3510 'ut
897 3455 1014 3511 edacem
1037 3457 1102 3528 [ego

56 3524 197 3582 reducem
217 3531 316 3604 codd]
337 3550 356 3587 a
374 3531 528 3604 plerisque
547 3530 615 3585 aliis
634 3529 748 3584 dictum
758 3527 840 3596 tego„
848 3526 986 3580 *rimosum
999 3527 1106 3581 mesen

73 3595 180 3654 ‘ndum
207 3603 304 3660 sciam
335 3624 467 3678 usquam
495 3603 633 3677 repperi,
656 3601 718 3656 nisi
743 3598 824 3667 apud
838 3595 1010 3658 &victims
1031 3608 1123 3659 mm
