2400 3824
146 160 211 224 498
312 160 518 214 Grammaticae
538 160 640 213 aetatis
658 161 819 229 Augusteae
838 159 1000 227 fragmenta

147 329 174 386 ei
197 329 334 387 reddidit.
381 330 468 387 Asini
490 328 649 388 Pollionis:
676 328 781 394 huius
806 347 888 405 ergo
912 327 984 384 viri
1008 330 1067 384 tot
1090 328 1169 384 tan-

146 419 265 493 tisque
303 420 471 493 operibus
509 420 668 477 mansuri
700 418 736 474 in
769 436 867 475 omne
904 435 1030 475 aevum
1064 436 1169 491 prae-

108 507 268 565 udicare
299 508 339 565 de
372 508 518 584 ingenio
544 510 650 582 atque
674 507 858 564 industria
882 500 1169 582 superva<cunm

148 591 229 673 est).
262 599 393 655 natura
408 599 526 655 autem
541 599 648 671 atque
667 595 815 653 fortuna
833 596 973 670 pariter
993 594 1169 653 obsecuta

148 688 201 744 est
233 685 280 759 ei,
317 688 347 744 si
380 685 522 760 quidem
557 685 670 742 facies
708 684 836 742 decora
869 683 911 741 ad
943 686 1168 742 senectutem

147 793 391 850 prosperaque
410 776 610 850 permansit
629 773 814 846 valetud0,
832 775 906 830 tum
924 791 993 847 pax
1008 773 1166 845 diutina,

148 864 248 921 cuius
278 866 480 922 instructus
509 866 588 922 erat
616 862 770 934 artibus,
801 861 965 938 contigit.
1013 881 1166 937 namque

108 953 191 1013 read
218 954 377 1053 priscam
404 953 638 1011 severitatem
666 951 813 1010 iudiciis
844 952 982 1008 exactis
1013 953 1165 1009 maxima

148 1043 334 1099 noxiorum
366 1042 490 1100 multit
497 1041 563 1099 udo
595 1042 794 1115 provenit,
830 1057 932 1128 quos
947 1039 1163 1098 obstrictos

148 1131 354 1206 patrocinio
373 1131 571 1189 incolumes
590 1131 782 1230 plerosque
801 1129 964 1187 habebat
998 1131 1071 1186 iam
1086 1129 1163 1186 feli·

149 1220 293 1278 cissima
330 1220 560 1278 consulatus
595 1220 627 1276 ei
659 1237 735 1277 sors
770 1217 919 1292 petendi
951 1221 985 1275 et
1019 1217 1165 1295 gerendi

149 1303 291 1389 (magna
313 1328 459 1366 munera
487 1300 603 1389 deum)
632 1307 786 1366 consilio
814 1307 1072 1382 industriaque
1097 1309 1163 1364 uti-

108 1418 134 1458 11
149 1417 227 1455 nam
250 1398 473 1456 moderatius
504 1397 677 1455 secundas
700 1415 756 1454 res
780 1399 814 1454 et
836 1397 970 1454 fortius
996 1396 1164 1455 adversas

148 1488 242 1545 ferre
265 1487 461 1561 potuisset!
498 1505 648 1561 namque
670 1488 845 1560 utraeque
870 1504 946 1542 cum
969 1487 1164 1543 evenerant

150 1576 196 1649 ei,
224 1576 357 1634 mutari
385 1594 443 1634 eas
470 1595 539 1634 non
567 1593 671 1650 posse
698 1575 855 1632 rebatur.
896 1573 979 1632 inde
1008 1578 1094 1632 sunt
1116 1575 1163 1631 11-

149 1663 269 1722 vidiae
292 1667 529 1740 tempestates
549 1667 693 1722 coortae
713 1680 840 1738 graves
864 1664 900 1720 in
919 1683 995 1721 eum
1015 1665 1162 1721 certior·

119 1806 122 1811 .
150 1773 215 1828 que
248 1753 407 1811 inimicis
445 1753 681 1830 adgrediendi
716 1752 870 1826 fiducia3
906 1753 1043 1810 maiore
1078 1753 1163 1810 enim

109 1863 135 1903 11
150 1843 355 1900 simultates
394 1843 588 1918 adpetebat
621 1842 738 1898 animo
772 1859 875 1915 quam
903 1841 1063 1917 gerebat.
1109 1839 1164 1898 sed

150 1931 290 2006 quando
318 1933 527 1990 mortalium
550 1930 645 1988 nulli
668 1933 785 1989 virtus
808 1931 972 2004 perfecta
996 1931 1163 2007 contigit,

150 2040 218 2096 qua
236 2020 349 2078 maior
367 2039 449 2096 pars
468 2021 565 2079 vitae
585 2023 692 2095 atque
711 2018 851 2095 ingenii
871 2019 991 2093 stetit,
1014 2039 1056 2078 ea
1074 2019 1162 2077 iudi-

150 2110 298 2167 candum
326 2109 366 2166 de
394 2110 534 2168 homine
562 2111 624 2166 est.
673 2110 780 2182 atque
811 2127 873 2183 ego
902 2127 942 2165 ne
970 2108 1163 2167 miserandi

150 2197 292 2272 quidem
311 2197 429 2256 exitus
450 2218 525 2256 eum
543 2197 657 2255 fuisse
675 2196 886 2269 iudicarem,
907 2196 979 2254 nisi
998 2197 1078 2272 ipse
1098 2202 1163 2255 tarn

109 2308 135 2348 11
149 2288 314 2345 miseram
337 2290 485 2346 mortem
507 2289 682 2361 putasset.

222 2367 283 2421 Seii.
297 2385 370 2421 suas.
387 2372 458 2433 6,14
476 2382 581 2429 quoniam
599 2381 624 2420 11
637 2383 696 2420 hanc
710 2399 737 2405 -
750 2381 876 2428 permansit,
890 2398 917 2405 —
934 2366 992 2437 [15]
1014 2382 1164 2429 adieceratque

149 2471 176 2478 -
195 2464 261 2492 auena
283 2454 317 2492 eit.
335 2471 362 2478 -
381 2439 440 2509 [24]
464 2453 536 2492 Pollio
559 2464 647 2500 quoque
665 2471 691 2477 -
709 2455 813 2500 putasset.
859 2438 891 2491 de
914 2439 1016 2492 Asicio
1041 2437 1165 2507 Appiani

150 2512 184 2578 (l).
200 2528 220 2564 c.
240 2514 327 2578 111)
351 2517 459 2564 auctore
477 2512 512 2576 cf.
532 2511 611 2563 Peter
625 2527 655 2578 p.
672 2510 848 2563 LXXXXI.
885 2511 1010 2563 isetiam
1031 2511 1164 2564 Ciceronis

150 2584 285 2636 orationis
302 2583 372 2635 iiiia
391 2583 575 2650 complicibus
593 2583 659 2634 locis
677 2583 815 2635 insecutas
833 2587 871 2634 esi
889 2580 996 2650 (Quini.
1012 2585 1057 2646 12,
1072 2586 1099 2648 1,
1112 2583 1163 2648 22).

222 2676 237 2722 3
255 2671 323 2737 quin
337 2672 358 2722 I
360 2671 561 2725 FGronooins:
577 2687 630 2736 que
703 2675 718 2722 5
733 2685 814 2736 posse
829 2685 893 2722 eum
908 2670 1044 2739 Kiesslinp
1058 2687 1165 2738 possem

150 2745 191 2795 cel
213 2758 295 2809 posse
320 2742 395 2796 codd.
470 2747 484 2793 7
509 2740 597 2794 adiec.
619 2740 842 2794 OFWMaelicr:
867 2741 1017 2807 ceteraque
1091 2743 1123 2793 ut
1145 2757 1165 2793 c.

152 2813 323 2866 CFWMcc.
339 2815 371 2865 ut
384 2812 439 2865 tibi
450 2813 525 2866 codd.
542 2814 574 2864 ut
587 2812 629 2864 ibi
644 2811 678 2864 H
681 2813 799 2866 Mueller
867 2817 899 2864 13
914 2811 1022 2865 redidit
1036 2813 1164 2880 Antoerp.

150 2884 245 2936 reddit
269 2887 325 2938 rell.
401 2891 433 2937 14
461 2883 612 2937 mansuris:
641 2901 688 2937 cic.
714 2884 842 2937 Bursian
915 2887 948 2934 15
974 2899 1120 2951 supervac.
1145 2900 1166 2937 e.

151 2955 254 3009 Schoit:
281 2955 402 3023 superba
475 2960 507 3008 18
533 2958 601 3008 tunc
674 2959 707 3007 20
734 2970 750 3006 a
773 2954 866 3022 prisca
890 2953 1040 3008 severitate
1067 2955 1166 3008 iudicis

152 3025 243 3078 exacti
257 3026 442 3079 maximorum
457 3042 533 3079 non:
554 3043 601 3079 em.
618 3025 774 3080 Gronovius
841 3030 875 3076 24
892 3027 1104 3080 reclamationis
1116 3029 1168 3096 sip·

151 3114 218 3150 1111
233 3104 296 3164 post
315 3097 398 3149 deum
412 3099 508 3165 posuit
521 3099 609 3162 Peter,
624 3097 675 3150 olii
690 3099 748 3150 alia
762 3103 960 3164 temptaverunt
1034 3103 1069 3151 26
1089 3115 1169 3152 vene-

151 3170 227 3221 rant:
255 3186 301 3222 em.
328 3169 499 3222 OFWMiie.
580 3173 613 3220 28
640 3185 680 3237 gr.
704 3168 733 3220 in
758 3183 790 3220 eo
813 3169 889 3222 codd.
918 3167 1113 3238 gravissimae,
1139 3185 1170 3222 eo

153 3238 286 3309 Kiesslinp
359 3244 392 3291 29
412 3240 530 3292 maiores

507 3398 691 3452 INOERTAE
711 3398 811 3452 sucis

223 3489 272 3543 eoi·
285 3489 317 3542 de
334 3505 429 3559 periere
447 3495 600 3542 11111111
619 3491 762 3542 coccinum
781 3490 826 3556 (fr.
842 3493 866 3543 5.
888 3490 914 3556 6)
935 3495 959 3542 ei
977 3489 1010 3542 de
1029 3493 1174 3546 verborum

52 3560 54 3567 '
137 3565 244 3630 formio
268 3563 314 3634 (fr.
332 3563 359 3635 7)
383 3562 504 3619 Asicius
527 3560 706 3630 disputoocrit
728 3562 803 3629 <nam
827 3562 894 3628 quin
914 3561 939 3613 ie
958 3577 976 3612 a
996 3559 1134 3618 Chorieio
1153 3569 1177 3618 et
