2400 3824
240 189 278 243 M.
293 187 407 242 Verrius
427 187 550 242 Flaccus.
587 189 617 241 L.
637 187 791 242 Crassicius
810 188 933 243 Pasicles
1028 187 1093 252 523

565 359 607 415 33

143 460 294 523 ‘miratam
303 465 384 523 mala
393 459 545 540 puellam'.
566 465 614 522 hic
624 463 816 540 participium
826 464 976 538 passivum
987 458 1010 540 †
1020 465 1093 541 agit,

74 556 148 629 quia
156 574 238 612 more
246 552 427 613 Graecorum
438 556 512 628 aput
521 550 666 631 vetc1·es†
676 555 778 630 agunt,
786 555 820 610 ut
827 553 951 611 Flaccus
961 552 1091 611 adiuvat.

145 652 231 707 Schol.
242 655 326 706 Rern.
338 654 396 706 buc.
409 658 434 718 6,
445 657 478 706 61
493 666 596 706 miratam
606 684 632 690 -
642 666 740 704 adiuvat.
764 653 797 704 de
810 668 839 705 re
853 651 887 717 cf.
910 650 1034 717 Gell.15,
1049 656 1091 706 13.

73 726 149 779 Nou.
169 726 215 779 leb.
237 725 301 778 VII.
330 725 416 778 Pru'sc.
437 725 473 777 ul.

147 837 160 884 1
181 838 206 886 et
224 836 240 883 2
260 830 395 903 acti<ve>
414 833 484 886 cout.
504 831 653 885 Buecheler
729 836 745 882 2
766 829 884 883 adnotat
902 829 1004 899 Hcpeu

564 983 607 1039 34

142 1083 259 1166 ‘sparge
274 1090 381 1147 marite
395 1083 505 1146 nuces'.
528 1089 573 1146 ita
588 1087 667 1146 enim
680 1088 777 1162 primo
787 1088 901 1146 factum
911 1089 964 1160 est,
974 1084 1093 1161 quando

74 1179 151 1236 Iuno
174 1177 240 1236 Iovi
264 1178 366 1236 iuncta
394 1181 452 1250 est,
482 1180 516 1235 ut
538 1177 698 1249 Homerus,
729 1179 759 1235 et
782 1175 890 1234 abhinc
913 1175 992 1251 apud
1016 1177 1093 1233 anti-

75 1285 149 1342 quos
168 1269 259 1326 moris
278 1268 337 1325 fuit
355 1268 387 1324 in
405 1267 519 1342 nuptiis
538 1284 628 1324 nuces
647 1283 786 1343 spargere
804 1268 927 1341 propter
942 1263 1092 1322 veneficia.

146 1365 232 1419 Schol.
252 1367 336 1419 Rern.
357 1367 415 1420 buc.
436 1369 463 1430 8,
482 1369 519 1419 30
536 1389 656 1428 sparge-
670 1377 785 1418 veneficia.
813 1364 848 1430 cf.
867 1365 903 1430 fr.
923 1367 967 1418 35.

146 1478 161 1523 2
185 1474 217 1524 ut
235 1472 350 1526 Verrius
374 1471 415 1524 ait
438 1471 540 1542 Hopeu
558 1473 575 1526 l.
595 1488 617 1525 c.
654 1473 772 1538 respexit
789 1472 921 1538 priuceps
939 1476 1035 1524 auctor
1052 1471 1092 1524 Il.

74 1547 118 1609 14,
137 1548 237 1612 serso.

563 1623 606 1680 35

142 1724 295 1804 ‘oleaeque
314 1724 470 1788 Minerva'.
508 1731 578 1787 sunt
601 1731 653 1804 qui
671 1728 776 1786 dicunt
794 1727 921 1786 Athenis
940 1728 1093 1803 prolatum

77 1837 140 1877 esse
156 1819 253 1878 olivas
267 1838 384 1877 ramum
399 1837 416 1877 a
430 1818 577 1890 Minerva3
593 1821 663 1876 sunt
677 1819 729 1893 qui
742 1818 852 1892 putant
866 1817 925 1876 olei
938 1817 1093 1874 humorem

78 1908 230 1966 Minervae
257 1907 367 1967 idcirco
392 1908 562 1981 convenire,
591 1907 670 1982 quod
692 1907 770 1964 nulli
792 1908 888 1981 possit
910 1906 1027 1964 misceri
1050 1905 1093 1963 in·

77 2001 236 2072 corruptus
260 2000 290 2055 et
317 1997 442 2074 integer,
472 1995 682 2072 comparabilis
710 1995 822 2072 virgini
850 1996 931 2069 deae,
959 2013 1035 2070 quac
1058 2014 1093 2053 ex

75 2105 136 2144 uno
154 2090 277 2161 parente
297 2086 454 2163 progenita
471 2088 524 2159 est,
543 2103 633 2160 quam
652 2086 832 2160 sapientiam
850 2084 1094 2159 interpretantur,
1109 2105 1121 2144 s

77 2178 220 2233 virtutem
243 2175 456 2250 inviolabilem,
480 2177 515 2232 ui
537 2174 693 2234 Homerus.

148 2274 235 2328 Sebol.
250 2275 335 2328 Beru.
349 2290 436 2344 peorq.
452 2278 478 2339 1,
492 2277 529 2326 18
543 2288 649 2335 oleaeque
658 2287 810 2327 -Homerus
834 2272 981 2342 allecorias
993 2271 1093 2326 Home-

74 2346 148 2399 ricus
165 2346 284 2413 respexit
301 2352 404 2399 auctor.

147 2457 162 2505 6
181 2453 214 2504 ut
233 2451 274 2504 ait
293 2451 406 2504 Verrius
428 2455 525 2522 cheu
544 2453 561 2504 l.
581 2468 602 2506 c.

147 2577 219 2644 quod
245 2576 363 2630 Ribbeck
391 2577 504 2645 (proley.
528 2574 566 2629 ud
590 2576 666 2646 Vero.
690 2593 721 2644 p.
737 2579 789 2629 174
803 2578 852 2644 sq.)
877 2575 992 2629 couiecr't
1018 2574 1095 2642 apred

82 2649 197 2717 Veroe'lr'e'
214 2650 372 2715 interpretes
389 2648 439 2700 sub
458 2648 567 2701 uomiue
582 2647 667 2700 Ebrr'r'
684 2649 725 2700 oel
743 2647 841 2700 Hebrii
861 2646 983 2700 Verrium
1003 2647 1094 2711 latere,

74 2720 286 2788 improbandum
307 2726 345 2773 est
364 2720 408 2786 (cf.
429 2719 530 2788 Hapeu
549 2719 565 2771 l.
586 2735 606 2771 c.
626 2735 657 2786 p.
677 2721 749 2786 732).
774 2718 807 2771 de
826 2718 929 2772 Aruob.
950 2718 1093 2782 5,1eoo.

77 2792 165 2845 Grau.
186 2791 232 2844 Fl.
252 2791 343 2857 aelfr.
363 2795 387 2844 4.

261 3088 305 3170 L.
340 3083 638 3170 CRASSIOIUS
670 3082 915 3170 PASIOLES

418 3272 456 3338 A.
480 3269 751 3336 rnsnruoum

75 3360 187 3415 VITAE

149 3456 172 3504 1.
192 3450 264 3505 Suet.
284 3450 316 3502 ele
334 3467 448 3519 prauos.
464 3453 500 3501 18
518 3448 546 3501 L.
567 3446 719 3501 Crassicius
732 3463 840 3571 {enm
859 3446 1028 3500 Tarentinus
1051 3463 1095 3499 or·

75 3521 152 3575 dinis
170 3521 296 3575 libertini
315 3520 481 3591 cognomine
501 3518 625 3572 Pasicles
646 3535 711 3572 mox
755 3535 852 3572 ansam
874 3537 902 3572 se
927 3517 1095 3571 transnomi-

74 3593 162 3648 navib.
191 3594 224 3646 ete
237 3595 395 3663 copuoore'rre
409 3592 506 3646 Pausa
520 3593 554 3658 cf.
566 3593 641 3645 Plr'u.
656 3608 683 3643 u.
698 3591 722 3644 le.
734 3596 777 3656 11,
787 3595 842 3644 254
856 3591 960 3659 (Varro
973 3592 1009 3656 fr.
1020 3591 1094 3655 360).
