2400 3824
410 176 447 230 M.
469 176 616 230 Terentius
635 176 724 230 Varro
1011 176 1075 241 287

58 348 131 404 tunc
159 347 237 404 sicut
265 363 333 403 cum
356 347 401 404 cst
424 345 610 404 semivocalis
634 348 688 404 aut
714 348 811 420 muta,
840 345 991 404 observari
1016 345 1078 403 dixi
1092 363 1118 402 so

57 437 202 511 oportere,
221 436 265 492 ita
283 434 315 491 in
334 434 381 494 his
396 433 484 492 debet
502 433 575 508 fieri,
594 437 629 492 ut
645 439 690 494 est
710 429 737 493 ‘e
751 435 898 493 Vaticano
913 454 929 493 e
943 429 1076 494 Iudaea'.

57 525 104 583 sin
127 523 305 583 vocabulum
332 523 406 583 duas
434 523 551 583 vocales
579 525 730 599 proximas
758 543 817 582 non
844 523 982 581 habuerit
1009 541 1075 582 con-

56 614 184 686 iunctas,
213 632 340 688 quarum
364 614 403 671 sit
426 613 528 671 littara
554 614 693 688 princeps
716 633 737 671 u
760 617 814 671 aut
837 613 856 686 i,
884 611 1008 688 proinde
1032 615 1076 670 at·

58 722 116 777 quc
141 721 159 760 a
183 721 198 760 e
222 721 239 760 o
263 701 311 773 sit,
338 700 554 760 observandum
579 702 658 777 quod
681 701 782 777 potius
806 701 865 760 dici
888 704 1005 776 oportet
1030 696 1076 758 ‘ex

56 785 179 867 Irpinis'
204 810 294 865 quam
318 784 345 848 ‘e
367 784 501 866 Irpinis',
532 785 579 848 ‘ex
602 785 739 850 Umbria'
763 809 855 866 quam
879 784 906 846 ‘e
930 784 1075 850 Umbria’.
1090 808 1116 848 rs

58 880 196 939 similiter
218 880 251 938 in
273 880 293 936 h
316 879 419 938 littera
442 879 592 938 observari
615 878 710 953 debet,
732 883 767 938 ut
789 881 821 937 in
846 898 864 937 a
883 898 899 937 e
918 899 934 938 o
957 878 1076 954 litteris,

56 989 94 1028 ne
117 969 250 1028 dicamus
275 963 301 1026 ‘c
325 962 489 1044 Hymetto',
518 967 569 1026 sed
592 961 639 1027 ‘ex
662 962 828 1043 Hymetto'.
870 967 1009 1027 similiter
1032 972 1077 1027 est

56 1058 154 1117 inab.
190 1053 251 1135 (a)
271 1057 449 1132 quibusdam
472 1057 711 1136 diligentioribus
734 1057 867 1116 levitatis
888 1075 978 1115 causa
1000 1058 1077 1115 solet

58 1147 137 1205 demi
159 1147 188 1219 b,
219 1166 287 1206 cum
310 1147 514 1222 praepositum
537 1141 624 1224 (est)
649 1147 802 1206 vocabulis
826 1149 880 1205 aut
906 1145 1076 1204 nominibus

56 1237 197 1294 locorum.
242 1237 273 1294 in
307 1236 414 1311 quibus
446 1237 596 1311 principes
629 1239 699 1295 sunt
730 1236 850 1294 litterae
883 1235 1075 1294 semivocales
1090 1254 1117 1294 ao

57 1328 110 1383 aut
146 1328 261 1398 mutae,
299 1343 365 1383 cam
401 1324 574 1400 repudiant,
610 1328 645 1383 ut
681 1319 717 1383 ‘a
747 1324 830 1383 Baiis
868 1344 887 1383 a
919 1323 1022 1399 Capua
1058 1343 1076 1382 a

55 1409 210 1474 Dertona'.
258 1416 362 1472 contra
391 1432 451 1472 non
480 1414 611 1472 demitur
637 1412 670 1488 b,
701 1415 822 1472 cumin
846 1412 998 1472 vocabulis
1022 1416 1085 1475 aut,

57 1503 230 1561 nominibus
245 1505 291 1562 cst
304 1505 538 1578 primuman,
557 1505 592 1561 ut
606 1497 655 1560 ‘ab
669 1501 769 1562 Aricia
784 1503 821 1561 ab
836 1503 885 1560 Eli
900 1522 947 1556 a*
968 1521 986 1560 a
1005 1520 1021 1556 e
1037 1498 1075 1564 *ἢ

56 1594 103 1652 sin
131 1612 152 1649 u
180 1595 233 1650 aut
260 1592 283 1666 i,
317 1592 468 1667 duplicem
497 1592 609 1650 habent
638 1594 793 1650 rationem.
841 1592 867 1650 si
897 1593 975 1649 enim
1006 1594 1076 1650 sunt

56 1681 148 1754 solae,
172 1681 312 1739 dicuntur
329 1684 366 1739 ut
387 1681 522 1756 reliquae
546 1681 673 1754 vocales,
697 1675 746 1738 ‘ab
765 1680 855 1768 Utica
873 1680 911 1739 ab
929 1676 1074 1755 Illyrico’3
1089 1699 1115 1740 ac

56 1770 104 1830 sin
136 1772 286 1845 proximas
319 1770 437 1828 litteras
469 1769 587 1828 vocales
620 1788 718 1828 secum
749 1769 861 1828 habent
893 1771 1074 1844 coniunctas,

55 1859 182 1934 proinde
211 1859 427 1918 observandum
452 1862 504 1931 est,
532 1877 566 1917 ac
591 1859 651 1918 sint
674 1859 865 1918 semivocales
889 1861 943 1916 aut
964 1861 1074 1933 mutae,

57 1943 88 2005 ‘a
110 1947 243 2006 Venusia
266 1968 284 2006 a
306 1942 462 2006 Ianiculo'.
505 1948 579 2006 item
601 1943 682 2025 <ad>
706 1951 736 2006 ct
760 1947 839 2023 apud
862 1947 960 2006 locum
983 1947 1074 2024 signi-

55 2036 161 2112 ficant,
190 2039 227 2095 ut
251 2032 367 2096 ‘accede
392 2036 430 2095 ad
451 2030 510 2094 mc'
540 2032 605 2112 ‘qui
629 2037 709 2095 domi
732 2037 796 2095 nati
821 2036 900 2113 apud
922 2055 969 2094 me
993 2031 1073 2094 sunt'

57 2120 150 2200 ‘apud
179 2126 266 2184 illum
297 2121 366 2186 est'.
412 2126 448 2183 de
481 2145 599 2202 quoque
631 2145 690 2184 non
722 2145 886 2201 numquam
918 2115 1074 2200 perperam
1088 2145 1115 2185 40

54 2216 181 2290 ponitur
207 2234 262 2291 pro
286 2235 320 2273 ex
344 2218 374 2273 et
396 2233 455 2273 non
479 2234 642 2290 numquam
665 2233 719 2291 pro
744 2234 780 2295 a,
798 2217 834 2272 ut
857 2234 923 2273 cum
947 2214 983 2271 de
1006 2233 1074 2290 pro-

55 2305 156 2363 vincia
174 2306 275 2363 venire
296 2304 363 2379 quis
383 2321 412 2362 se
433 2304 518 2376 dicit3
542 2323 612 2362 nam
634 2323 788 2379 perperam
810 2306 862 2362 est.
898 2303 976 2362 imus
996 2303 1075 2361 enim

54 2394 87 2450 in
116 2393 314 2467 provinciam,
343 2395 379 2451 ut
405 2394 437 2451 in
460 2412 568 2452 navem
592 2395 622 2452 et
648 2393 680 2450 in
704 2394 830 2467 circum3
861 2392 973 2450 eximus
1000 2395 1035 2449 ut
1058 2411 1073 2450 e

55 2500 132 2540 nave
157 2502 172 2539 e
196 2483 283 2554 circo,
312 2481 353 2540 sic
377 2501 392 2540 e
415 2483 578 2556 provincia.
625 2481 660 2540 dc
683 2484 837 2556 provincia
861 2481 1074 2554 existimamus,

56 2589 126 2629 cum
150 2571 186 2629 de
210 2589 245 2630 ea
267 2571 342 2629 bene
364 2573 417 2629 aut
439 2572 517 2628 male
540 2571 760 2646 praedicamus3
784 2571 819 2628 de
838 2589 914 2629 nave
938 2569 1072 2643 dicimus,
1086 2589 1113 2630 ce
1185 2632 1187 2637 ,

55 2678 123 2718 cum
142 2661 233 2738 longa
257 2679 296 2718 an
315 2660 451 2718 oneraria
474 2661 514 2717 sit
531 2678 681 2737 rogamus,
711 2659 747 2718 dc
766 2661 853 2732 circe,
877 2676 942 2716 cum
962 2658 1073 2716 Flami-

55 2751 124 2807 nius
148 2768 186 2806 an
213 2748 367 2807 maximus.
414 2749 485 2806 item
513 2748 620 2808 vitiose
649 2749 759 2806 dicitur
789 2742 939 2806 ‘senatum
965 2747 1073 2806 habere

56 2837 137 2913 apud
166 2838 269 2896 aedem
291 2833 464 2914 Apollinis',
494 2838 574 2913 quod
605 2832 647 2895 ‘in
676 2831 760 2896 acde'
789 2836 848 2895 dici
871 2839 996 2912 oportet.
1044 2839 1074 2895 ct

57 2922 105 2985 ‘de
129 2930 248 2986 senatus
273 2921 431 2986 sententia'
462 2926 584 3000 vitiose3
616 2945 686 2985 nam
709 2925 817 2985 debent
845 2925 941 2986 dicere
963 2928 998 2983 ut
1027 2920 1073 2983 ‘ex

54 3036 123 3074 mea
147 3011 317 3090 sententia’‚
341 3010 388 3073 ‘ex
411 3019 465 3073 tua
488 3011 657 3089 sententia’,
680 3017 723 3074 sic
745 3010 791 3074 ‘ex
814 3019 934 3074 senatus
957 3017 1072 3073 senten·
1088 3035 1114 3074 so

53 3099 119 3164 tia'.
165 3105 238 3164 item
267 3105 318 3180 qui
347 3106 450 3163 dicunt
478 3100 525 3163 ‘de
553 3108 659 3164 senatu
687 3099 775 3163 redii’
803 3107 903 3180 potius
932 3123 1022 3178 quam
1046 3099 1073 3162 ‘a

29 3253 31 3258 .
54 3189 183 3269 senatu',
216 3194 296 3269 quod
327 3213 361 3252 eo
392 3212 459 3253 cum
487 3194 611 3268 inimus,
644 3193 768 3253 dicimus
796 3189 878 3270 (in),
910 3193 979 3251 inde
1006 3212 1072 3251 cum

54 3283 195 3357 redimus,
214 3278 299 3360 <ex>.
339 3278 386 3341 ‘ex
400 3272 507 3342 senatu
521 3277 643 3342 eiectus’
662 3285 867 3358 potiusquam
884 3276 932 3339 ‘de
946 3277 1072 3340 senatu’.

54 3373 135 3430 male
167 3374 318 3448 imperant
350 3373 403 3448 qui
435 3372 539 3430 dicunt
571 3371 606 3430 de
638 3371 751 3430 tabulis
784 3371 858 3446 quid
889 3370 1011 3442 dicere,
1038 3369 1078 3425 de

53 3461 168 3519 tabidis
190 3460 267 3518 enim
290 3463 318 3520 is
342 3461 424 3538 dicit,
449 3463 503 3540 qui
527 3481 578 3524 eas
600 3461 713 3523 laudat
735 3463 795 3523 aut
817 3460 958 3536 cupam,
971 3475 991 3511 e
1007 3453 1103 3509 nanu-
1116 3466 1151 3501 a,

39 3547 82 3603 Iis
95 3549 125 3603 is
143 3548 224 3622 dicit,
250 3552 304 3624 qui
328 3554 411 3628 quod
437 3556 543 3618 estin
558 3557 614 3620 his
633 3558 795 3635 scripturn
814 3549 939 3612 recitat
958 3539 1134 3612 scriptum·
