2400 3824
131 168 197 232 220
279 167 485 222 Grammaticus
504 169 606 222 aetatis
626 168 819 228 varronianae
838 169 999 238 fragmenta

404 381 452 434 DE
472 381 667 437 COMOEDIIS
685 381 878 436 PLAUTINIS

188 509 220 560 iu
227 508 352 561 boclrbro
359 507 653 562 eoeAlcxaadriaorum
662 509 788 577 religiosa
798 510 905 562 ratione
913 509 1046 578 agebatur
1053 507 1086 560 de
1092 524 1144 578 ger-

131 579 223 632 muur's
241 579 458 646 adulteriumque
477 580 575 632 Plauti
593 580 744 644 comoediis,
763 586 795 633 ut
812 581 843 631 ia
858 580 936 633 libris
950 580 1146 633 Plautiuarum

131 651 320 717 quaestionum
334 650 366 704 de
375 651 454 703 rebus
467 652 662 719 grammaticis.
678 651 711 716 ef.
724 650 839 716 Ritscbt,
853 652 967 720 Parcry.
974 669 1004 720 p.
1016 652 1146 703 73-245.

131 722 197 787 Leo,
211 722 254 775 Pl.
270 722 305 776 F.
317 725 441 789 p.17sq.,
456 725 533 788 33sq.
549 721 639 787 Paeti,
654 723 789 775 Plautina
805 723 941 789 (Esteutto
956 721 1030 792 degli
1043 720 1147 775 Aureoli

131 791 203 846 dello
222 792 322 847 auara
341 793 473 846 Narmale
490 794 629 860 superiore
648 793 678 846 di
696 794 766 846 Pisa
785 796 875 861 1891).

623 962 665 1019 88

198 1076 245 1134 lib.
265 1077 292 1132 Ι.
339 1095 442 1136 verum
466 1094 527 1135 esse
552 1078 716 1150 comperior
747 1108 788 1116 -
817 1095 877 1134 non
900 1075 1049 1135 indicibus
1073 1076 1148 1133 Aelii

130 1183 184 1223 nec
204 1164 330 1242 Sedigiti
353 1183 406 1223 nec
431 1164 549 1223 Claudii
572 1183 625 1222 nec
643 1165 759 1223 Aurelii
782 1184 836 1224 nec
854 1165 938 1223 Accii
961 1184 1016 1224 nec
1034 1165 1148 1223 Manilii

131 1273 220 1328 super
246 1253 292 1312 his
323 1254 447 1328 fabulis,
480 1273 556 1328 quac
587 1254 726 1312 dicuntur
756 1254 927 1330 ambiguae,
960 1254 1148 1327 crediturum,

131 1343 182 1401 sed
200 1344 260 1418 ipsi
279 1342 387 1401 Plauto
406 1344 595 1418 moribusque
614 1344 717 1420 ingeni
736 1351 826 1418 atque
845 1343 966 1420 linguae
986 1343 1058 1402 eius.
1096 1344 1148 1402 hac

104 1433 211 1492 renim
229 1432 333 1490 iudicii
351 1451 456 1490 norma
470 1433 634 1490 Varronem
654 1451 771 1507 quoque
790 1449 876 1490 usum
896 1432 1039 1491 videmus.
1084 1452 1148 1491 nam

131 1525 249 1596 praeter
272 1521 340 1579 illas
364 1541 454 1579 unam
479 1524 508 1579 et
531 1522 649 1597 viginti,
674 1539 750 1596 quae
768 1521 974 1579 varronianae
998 1522 1149 1595 vocantu,

132 1628 206 1685 quas
234 1610 343 1668 idcirco
368 1630 385 1667 a
408 1613 514 1669 ceteris
543 1612 725 1687 segregavit,
756 1612 897 1685 quoniam
925 1609 1070 1669 dubiosae
1094 1629 1148 1669 non

131 1702 225 1773 erant,
248 1703 295 1758 set
313 1717 456 1758 consensu
480 1700 612 1758 omnium
630 1699 731 1757 Plauti
754 1717 816 1758 esse
836 1699 1042 1773 censebantur,
1067 1717 1148 1776 quas·

131 1788 200 1846 dam
214 1789 287 1846 item
302 1789 377 1847 alias
390 1788 531 1864 probavit
547 1788 693 1847 adductus
707 1788 758 1846 filo
773 1791 864 1864 atque
878 1788 989 1846 facetia
1008 1790 1149 1848 sermonis

91 1897 116 1936 ro
130 1877 238 1936 Plauto
253 1879 442 1954 congruentis
462 1896 570 1952 easque
584 1879 646 1935 iam
659 1877 829 1936 nominibus
844 1877 971 1935 aliorum
991 1881 1149 1953 occupatas

130 1966 238 2024 Plauto
258 1966 432 2040 vindicavit,
456 1968 544 2025 sicuti
563 1967 653 2024 istam
672 1985 763 2042 quam
780 1967 949 2042 nuperrime
968 1967 1150 2044 legebamus,

131 2057 179 2113 cui
202 2058 248 2113 est
270 2074 377 2112 nomen
401 2056 534 2114 Boeotia.
580 2075 649 2113 nam
674 2075 741 2113 cum
765 2057 796 2112 in
820 2056 881 2114 illis
904 2075 964 2113 una
988 2059 1019 2114 et
1042 2057 1150 2134 viginti

130 2163 190 2202 non
218 2145 258 2202 sit
282 2148 312 2202 et
339 2163 401 2203 esse
424 2145 529 2220 Aquili
557 2144 682 2219 dicatur,
712 2145 788 2201 nihil
816 2148 917 2203 tamen
939 2143 1038 2204 Varro
1068 2145 1150 2203 dubi-

131 2233 218 2307 tavit,
237 2233 308 2308 quin
324 2232 425 2290 Plauti
444 2234 522 2291 foret
537 2265 587 2290 —.
625 2233 663 2290 M.
680 2233 775 2291 Varro
792 2233 824 2290 in
842 2233 919 2291 libro
933 2233 970 2290 de
990 2234 1150 2294 comoediis

91 2342 116 2381 15
131 2321 279 2380 Plautinis
298 2323 394 2397 primo
413 2322 497 2380 Accii
515 2322 606 2381 verba
625 2324 698 2380 haec
716 2322 802 2397 ponit
826 2315 877 2400 [fr.
899 2320 968 2397 19]:
993 2318 1076 2380 ‘nam
1100 2340 1151 2381 nec

132 2410 266 2469 Geminei
290 2411 408 2469 lenones
432 2429 485 2469 nec
509 2409 694 2486 Condalium,
717 2429 771 2469 nec
794 2411 896 2470 Plauti
919 2412 1003 2471 Anus
1026 2432 1082 2471 nec
1101 2413 1150 2470 Bis

131 2519 298 2575 compressa
321 2519 375 2557 nec
397 2500 523 2558 Boeotia
541 2520 683 2575 umquam
701 2500 769 2574 fuit,
791 2519 888 2576 neque
907 2500 980 2559 adeo
1000 2501 1152 2579 Agroecus

130 2609 226 2664 neque
251 2588 483 2648 Commorientes
507 2589 601 2647 Macci
626 2584 707 2647 Titi'.

197 2681 230 2736 in
245 2679 347 2736 eodem
366 2678 442 2736 libro
457 2679 601 2736 Varronis
615 2678 647 2735 id
662 2697 779 2754 quoque
794 2680 935 2754 scriptum
953 2683 984 2737 et
997 2678 1152 2738 Plautium

91 2787 116 2826 ao
131 2769 222 2826 fuisse
246 2767 416 2843 quempiam
440 2769 559 2843 poetam
588 2767 814 2826 comoediarum.
861 2769 1003 2842 quoniam
1032 2768 1152 2828 fabulae

131 2852 226 2936 (eae)
240 2856 342 2914 Plauti
355 2858 518 2930 inscriptae
532 2857 639 2930 forent,
657 2861 792 2930 acceptas
807 2875 870 2916 esse
886 2858 971 2932 quasi
984 2857 1152 2932 Plautinas,

132 2963 198 3002 cum
213 2949 310 3003 essent
324 2964 384 3002 non
399 2944 539 3004 aPlauto
549 2945 717 3019 Plautinae,
733 2945 783 3004 sed
798 2965 817 3004 a
826 2945 947 3004 Plautio
961 2946 1151 3006 Plautianus.

199 3035 336 3092 feruntur
359 3037 459 3091 autem
483 3034 536 3092 sub
559 3034 663 3092 Plauti
686 3036 805 3092 nomine
833 3035 1003 3094 comoediae
1034 3037 1153 3095 circiter

132 3126 249 3181 centum
260 3125 350 3197 atque
360 3122 500 3197 triginta,
507 3123 559 3181 sed
567 3124 656 3182 homo
666 3123 884 3183 eruditissimus
894 3123 927 3181 L.
938 3123 1043 3184 Aelius
1056 3119 1110 3204 [fr.
1118 3119 1151 3203 4]

92 3232 116 3271 as
133 3214 263 3286 quinque
279 3216 308 3270 et
322 3211 431 3288 viginti
450 3215 513 3270 eius
529 3231 591 3271 esse
608 3213 686 3271 solas
706 3213 896 3272 existimavit.
933 3232 1031 3288 neque
1050 3217 1152 3274 tamen

131 3300 254 3358 dubium
273 3304 327 3375 cst,
346 3302 419 3376 quin
437 3302 539 3373 istaec,
561 3320 637 3376 quae
657 3303 785 3377 scriptae
805 3321 823 3359 a
841 3302 950 3362 Plauto
969 3322 1031 3362 non
1048 3305 1151 3363 riden-

120 3392 175 3445 tur
196 3392 229 3447 et
249 3390 368 3450 nomini
393 3391 457 3450 eius
482 3390 670 3465 addicuntur,
687 3393 832 3448 ‘veterum
859 3394 1017 3466 poetarum
1039 3393 1154 3452 firemnt

101 3478 138 3532 et
170 3477 212 3535 ab
249 3501 284 3541 eo
320 3485 513 3544 retractatae
547 3477 623 3563 <et>
657 3481 807 3558 eraclitae
841 3480 905 3538 sint
932 3498 968 3537 ac
993 3486 1153 3555 amotores

85 3567 251 3641 *esaiam
276 3576 395 3637 stilum
419 3576 622 3638 Plautinum.
667 3572 723 3633 sed
746 3570 830 3629 enirn
848 3567 1045 3626 aasumensi
1062 3571 1098 3624 aa
1118 3569 1173 3622 An-
