2400 3824
357 206 548 277 Hypsicratea.
587 205 617 272 Q.
638 205 788 261 Cosconius
1017 207 1080 271 109

432 404 706 483 FRAGMENTA

471 544 663 600 AOTiONUM

559 665 577 718 1

129 767 289 827 Cosconius
321 770 353 826 in
385 767 552 827 actionibus
585 768 689 826 scribit
721 771 889 844 praetorem
926 785 1081 826 accensum

58 859 183 917 solitum
214 859 280 915 tum
310 875 372 916 esse
404 857 514 931 iubere,
552 857 604 915 ubi
634 859 661 916 ei
691 857 849 916 ridebatur
880 858 986 915 horam
1018 875 1081 916 esse

57 947 191 1020 tertiam,
218 947 380 1005 inclamare
408 947 512 1004 horam
535 949 657 1005 tertiam
681 965 742 1005 esse
770 949 900 1021 itemque
928 946 1081 1004 meridiem

59 1039 90 1094 et
113 1036 219 1094 horam
242 1055 359 1094 nonam.

137 1117 226 1171 Varro
245 1117 278 1171 de
297 1118 313 1171 l.
330 1117 363 1170 L.
380 1121 405 1183 6,
421 1121 458 1170 89
477 1131 626 1170 accensum
640 1115 755 1169 solitam
770 1116 843 1171 ciere
858 1116 975 1170 Boeotia
990 1117 1082 1170 osten-

58 1188 111 1256 dit,
122 1203 208 1255 quam
218 1187 391 1243 comoediam
400 1186 554 1260 A<qui>lii
564 1205 623 1240 esse
633 1187 739 1253 dicunt,
752 1187 806 1241 hoc
815 1204 896 1241 versu
906 1189 955 1259 [10
961 1187 1081 1258 Ribb.³]:

60 1259 122 1312 ‘ubi
140 1258 262 1327 primum
282 1275 414 1313 accensus
434 1258 571 1313 clamarat
590 1259 755 1312 meridiem'.
789 1259 843 1313 hoc
865 1259 941 1312 idem
961 1271 1082 1313 canonius

57 1346 82 1385 in
97 1344 226 1384 actionibus
241 1362 273 1371 —
288 1357 377 1385 nonam.
427 1333 499 1385 cocis
519 1331 668 1385 ‘accensas’
685 1331 830 1400 explicatio
845 1332 1006 1399 incantanti,
1025 1347 1082 1384 non

57 1403 236 1472 ynammatici
244 1409 291 1470 est,
300 1409 456 1470 naturaque
466 1402 531 1455 libri
542 1402 703 1456 ‘actionem’
715 1402 863 1468 manifesta
877 1409 916 1456 est
930 1402 974 1471 (cf.
986 1403 1081 1469 Hertz,

58 1473 157 1528 Flecla.
173 1473 286 1529 Jahrbb.
305 1477 349 1528 85.
369 1477 445 1527 1862
454 1491 484 1542 p.
501 1477 545 1528 52.
580 1473 613 1527 <le
627 1473 782 1527 actionibus
799 1474 931 1528 scaenicis
949 1474 1081 1543 coyitacc-

57 1551 105 1599 rat
124 1545 232 1599 iniuria
252 1545 359 1599 Bitschl
381 1562 423 1614 op.
444 1549 471 1610 3,
484 1547 566 1614 256);
591 1563 657 1599 nam
680 1546 752 1613 qnod
770 1545 954 1599 Reitzenstein
977 1545 1081 1613 (Varro

58 1633 86 1670 a.
107 1617 168 1670 Iob.
187 1633 211 1671 a.
232 1617 320 1671 Eacb.
336 1633 366 1685 p.
382 1619 427 1685 41)
454 1616 496 1669 ‘in
514 1616 684 1670 actionibns’
710 1617 775 1670 libri
797 1616 1002 1685 inscribtionem
1026 1632 1082 1670 non

58 1704 115 1742 esse
134 1688 282 1755 contendit,
301 1689 422 1742 alienam
441 1694 485 1742 cst.

134 1782 149 1829 2
169 1778 231 1830 tum
249 1777 364 1832 secludit
380 1776 494 1847 Spenqel

419 1953 603 2008 INCERTAE
624 1953 724 2007 SEDIS

135 2063 235 2130 quibas
248 2079 282 2115 esc
297 2063 375 2116 libris
392 2063 580 2132 qrammaticis
598 2063 662 2115 baec
680 2063 1013 2116 manaverintnescimus.
1045 2061 1082 2114 acl

58 2135 133 2200 sr.2
152 2134 335 2188 Reitzenstein
353 2150 422 2202 opas
442 2133 486 2187 ‘de
504 2133 602 2187 cerbis’
623 2134 716 2187 aniano
734 2132 828 2202 finqit,
848 2132 921 2186 ande
940 2133 999 2187 alia
1013 2149 1081 2186 coeii-

55 2206 147 2275 plnra
172 2205 260 2258 Varro
278 2205 402 2258 hauserit
424 2205 500 2273 (ibid.
516 2221 545 2273 p.
562 2208 606 2258 38.
627 2208 669 2258 41.
690 2207 735 2258 82.
754 2208 790 2258 83
814 2204 898 2272 adn.).

558 2339 581 2397 2

130 2463 199 2502 cum
216 2443 374 2502 verborum
393 2444 595 2502 declinatuum
613 2463 721 2520 genera
740 2443 801 2502 sint
819 2445 969 2518 quattuor,
990 2463 1083 2501 unum

61 2533 143 2608 quod
167 2535 303 2608 tempora
331 2532 520 2610 adsignificat
541 2553 637 2608 neque
659 2532 750 2591 habet
772 2550 866 2606 casus,
897 2534 931 2589 ut
955 2532 991 2589 ab
1015 2533 1081 2608 lego

60 2623 144 2699 leges
168 2622 242 2698 lege,
271 2621 399 2680 alterum
423 2621 501 2697 quod
526 2639 609 2680 casus
636 2621 728 2679 habet
751 2640 846 2696 neque
873 2624 1008 2696 tempora
1032 2620 1082 2677 ad-

62 2709 223 2788 significat,
246 2712 281 2767 ut
299 2710 336 2768 ab
360 2711 427 2788 lego
450 2711 539 2769 lectio
563 2713 593 2768 et
615 2710 716 2784 lector,
743 2712 867 2768 tertium
890 2709 969 2785 quod
992 2709 1083 2767 habet

61 2802 481 2875 ut1umqueettemporaet
504 2818 597 2874 casus,
620 2802 655 2857 ut
673 2799 710 2857 ab
734 2799 801 2876 lego
820 2800 920 2877 legens
943 2799 1083 2872 lecturus,
1110 2820 1122 2858 5

62 2892 206 2964 quartum
230 2889 309 2964 quod
332 2892 471 2946 neutrum
493 2888 593 2962 habet,
620 2891 655 2946 ut
678 2889 715 2947 ab
738 2890 805 2966 lego
829 2889 904 2948 lecte
928 2907 962 2946 ac
985 2888 1082 2946 lectis·

62 2979 147 3052 sime,
180 2977 287 3035 horum
314 2977 473 3036 verborum
501 2978 528 3036 si
554 2979 733 3054 primigenia
763 2981 832 3036 sunt
860 2978 898 3036 ad
927 2977 1019 3051 mille,
1049 2978 1083 3034 ut

65 3065 227 3126 Cosconius
247 3066 358 3141 scribit,
377 3086 412 3125 ex
427 3085 529 3125 eorum
543 3067 790 3125 declinationibus
809 3066 966 3126 verborum
981 3066 1082 3124 discri-

62 3159 146 3214 mina
179 3157 343 3233 quingenta
374 3156 459 3214 milia
491 3174 553 3214 esse
585 3159 711 3231 possunt
742 3155 817 3230 ideo,
855 3157 924 3230 quia
957 3156 1082 3232 singulis

63 3245 164 3304 verbis
179 3245 365 3322 primigeniis
380 3245 498 3304 circiter
512 3245 691 3322 quingentae
711 3247 821 3320 species
836 3244 1082 3302 declinationibus
1097 3265 1123 3304 io

62 3335 148 3392 fiunt.
186 3335 367 3411 primigenia
390 3335 529 3392 dicuntur
550 3334 642 3393 verba
660 3336 695 3391 ut
717 3334 784 3410 lego
808 3332 904 3391 scribo
926 3336 972 3391 sto
996 3333 1082 3391 sedeo

63 3426 94 3482 et
114 3425 214 3482 cetere
237 3442 312 3499 quae
335 3443 396 3482 non
419 3423 544 3482 suntab
566 3423 667 3500 aliquo
689 3423 793 3498 uerbo,
813 3421 869 3482 sed
883 3439 958 3480 suas
972 3421 1100 3478 *manent

61 3511 183 3570 radices
215 3515 316 3570 contra
328 3513 416 3572 rerba
432 3513 586 3575 declinata
602 3517 677 3577 sunt
686 3534 767 3596 quae
781 3513 825 3576 ab
839 3512 950 3587 atiquo
966 3508 1130 3568 oriundum

52 3601 87 3653 ¹¹5
102 3597 142 3654 ³¹²
158 3597 227 3673 1⁰80
243 3598 323 3693 108ss
339 3602 418 3683 legit
443 3607 550 3687 legam
572 3613 607 3672 et
630 3611 681 3674 sic
697 3609 851 3671 indidem
861 3605 947 3664 iimo
968 3589 1144 3673 unimam
1178 3692 1184 3717 1
