2400 3824
438 158 475 214 M.
495 158 641 212 Terentius
660 157 748 213 Varro
1034 158 1097 222 211

81 321 133 385 un,
147 319 239 374 ssecis.
254 319 367 373 aaaron.
388 322 424 372 83
445 323 538 385 (1861)
555 336 583 387 p.
601 323 654 373 719
669 319 806 387 (Ribbeck,
824 323 889 373 rim.
905 321 998 376 Dicbt.
1015 325 1038 384 1,
1053 324 1098 374 26.

82 392 238 456 Bormann,
256 390 337 445 Arcb.
357 407 398 458 ep.
419 391 512 444 Mina.
532 408 584 444 aras
605 390 672 445 Oest.
693 395 737 456 17,
750 393 824 458 232).

154 485 170 532 2
190 478 342 533 Casmenas
361 481 512 533 LMueiier

570 631 611 688 58

25 831 27 834 Ι
149 754 212 814 al.
260 756 345 814 annis
382 755 443 813 iare
479 758 549 830 post
585 754 753 829 quindecim
792 754 904 813 ballum
942 755 1098 815 adversum

78 843 196 901 Poenos
220 847 373 918 sumptum
402 847 460 917 est,
494 848 585 919 atque
613 863 672 902 non
700 843 824 901 nimium
852 844 940 920 longe
964 844 1003 902 M.
1024 843 1098 903 Cato

79 935 183 991 orator
205 933 236 993 in
260 934 382 991 civitate
410 936 441 990 et
463 932 587 991 Plautus
618 936 707 1008 poeta
734 934 766 990 in
789 951 895 992 scaena
922 932 1096 1007 floruerunt3

78 1021 233 1097 isdemque
260 1021 442 1096 temporibus
466 1021 614 1099 Diogenes
639 1021 756 1081 Stoicus
779 1024 809 1080 st
834 1021 999 1081 Carneades
1021 1023 1097 1081 Aca·

78 1110 211 1170 demicus
242 1114 272 1169 ot
303 1110 453 1168 Critolaus
480 1110 698 1192 Peripateticus
731 1110 768 1169 ab
798 1111 1029 1171 Atheniensibus
1060 1112 1098 1170 ad

78 1202 217 1259 senatum
241 1199 347 1275 populi
365 1200 493 1258 Romani
517 1201 631 1276 negotii
653 1200 765 1276 publici
787 1203 886 1276 matis
909 1201 1002 1278 legati
1021 1205 1098 1260 sunt.

155 1298 222 1353 aaz.
238 1303 283 1364 17,
296 1303 342 1363 21,
356 1302 393 1351 46
407 1314 440 1351 ac
455 1298 557 1352 deinde
571 1313 635 1352 mma
644 1331 669 1338 —
680 1317 737 1354 suns.
755 1306 852 1353 amtor
862 1300 949 1354 Varro
964 1301 995 1354 in
1008 1300 1098 1354 eodem

77 1371 148 1424 libro
162 1371 183 1422 Ι
198 1370 243 1424 De
254 1372 341 1438 poetis
350 1371 476 1438 proxime
489 1387 576 1439 snpra
589 1376 754 1425 memoratur
768 1372 813 1439 (cf.
827 1371 862 1437 fr.
874 1373 928 1440 66).
954 1372 989 1437 cf.
1000 1371 1096 1424 Krete-

77 1441 180 1495 scbmer
193 1441 259 1494 ibid.
276 1445 319 1495 52.
339 1441 431 1495 Rusbe
450 1442 515 1496 ibici.
535 1445 580 1496 25.
595 1445 641 1495 26.
657 1445 700 1496 33.
774 1443 890 1496 Hieron.
905 1444 938 1496 oi.
954 1446 1047 1508 145,1
1062 1468 1096 1487 =

77 1512 151 1566 Suei.
166 1513 224 1567 rell.
235 1530 265 1582 p.
280 1512 362 1566 2412.
381 1511 499 1566 Plautus
519 1530 552 1565 ex
571 1511 688 1565 Umbria
708 1511 836 1566 sarsinas
854 1513 960 1566 Romae
979 1513 1098 1566 moritur

77 1584 116 1654 [a.
133 1582 276 1656 554s200;
294 1585 418 1636 moratur
437 1584 523 1638 Hertz
543 1584 633 1637 clarus
652 1583 774 1637 habetur
792 1585 875 1650 Reiff.
895 1586 992 1639 collato
1010 1585 1097 1640 Gellio

77 1657 94 1708 i.
110 1656 159 1725 c.],
183 1655 232 1722 qui
255 1657 371 1723 propter
393 1671 521 1709 annonae
545 1654 742 1709 difficultatem
766 1655 802 1708 ad
825 1655 914 1708 molas
937 1655 1097 1709 manuarias

77 1726 179 1794 pistori
198 1743 227 1780 se
247 1726 399 1793 locaverat,
423 1725 463 1779 ibi
478 1727 616 1795 quotiens¹
628 1726 664 1778 ab
684 1743 767 1795 opere
785 1729 898 1781 vacarat
917 1726 1037 1781 scribere
1055 1726 1096 1779 fa-

76 1795 160 1850 bulas
174 1796 274 1852 solitns
289 1814 322 1852 ao
336 1797 464 1851 vendere.
483 1799 516 1851 de
529 1800 580 1852 bac
592 1799 696 1865 fabella
709 1798 744 1864 cs.
756 1799 843 1852 Varro
854 1815 899 1867 ap.
912 1799 979 1853 Geli.
991 1802 1017 1863 3,
1027 1803 1052 1865 3,
1064 1804 1097 1852 14

76 1869 114 1935 fr.
128 1872 174 1923 88.
207 1876 327 1938 tempora
350 1887 412 1924 cum
435 1871 471 1923 iis
493 1887 550 1924 nori
573 1875 740 1940 conyruunt,
759 1887 828 1937 quae
848 1869 939 1923 Cicero
958 1871 1040 1923 Brut.
1061 1874 1097 1923 60

77 1940 198 1994 tradidit
215 1940 253 2012 [a.
273 1941 423 2011 570s184];
446 1958 516 2009 quae
534 1947 604 1996 ceria
623 1958 656 1994 en
672 1942 804 1995 Varronis
832 1941 983 1995 annalibus
1004 1942 1097 1995 Attico

76 2011 256 2066 intercedente
274 2015 306 2065 in
326 2012 479 2066 Ciceronem
498 2015 675 2066 transierunt.
699 2012 734 2078 cf.
751 2012 866 2077 Renoua,
884 2013 997 2082 Parerp.
1017 2016 1095 2080 47sa.

76 2082 238 2137 Saewnium
263 2085 294 2136 in
318 2084 391 2149 saiso
415 2085 511 2138 mortis
535 2101 610 2138 anno
633 2085 748 2138 Accium
770 2090 876 2152 poetam
900 2089 1020 2138 secutum
1042 2099 1096 2138 esse

78 2153 213 2225 Kieiilinp
236 2156 368 2224 opinatur
386 2154 513 2223 (Gonieot.
528 2155 616 2222 spicil.
631 2156 687 2208 III
701 2155 758 2208 ind.
778 2155 857 2209 sabai.
880 2156 1003 2222 Grcifsm.
1025 2159 1097 2209 1886

53 2231 56 2236 '
73 2243 104 2293 p.
116 2225 166 2294 Ρ),
184 2225 231 2279 sed
249 2243 310 2280 cum
329 2243 361 2280 ea
380 2242 449 2294 quae
468 2226 545 2295 apati
563 2227 722 2281 Suetonium
736 2233 801 2296 posi
814 2228 909 2280 mortis
926 2231 1047 2294 tempora
1065 2226 1097 2279 de

77 2297 181 2351 Plauto
200 2297 328 2367 ieynniar
347 2297 481 2352 Varronis
499 2299 660 2352 auctoritati
678 2303 741 2352 teste
761 2297 849 2352 Gellio
867 2298 1014 2351 tribuenda
1031 2298 1095 2362 sint,

76 2384 128 2422 cur
145 2369 177 2420 in
195 2371 288 2422 ceteris
306 2369 455 2423 alzeconem
473 2370 654 2434 solidamento
671 2370 757 2422 ninus
774 2384 831 2422 non
849 2369 893 2435 sii,
911 2368 988 2422 baud
1003 2369 1095 2436 liquet.

76 2442 109 2493 in
127 2440 210 2493 Liuio
229 2441 335 2508 quidem
349 2448 433 2508 poeta
456 2441 501 2506 (fr.
517 2443 563 2508 55)
587 2439 733 2494 Suetonius
755 2440 787 2492 in
805 2440 918 2493 eundem
940 2455 1038 2492 rursus
1055 2455 1095 2492 er-

75 2527 174 2576 rorem,
198 2527 250 2579 quo
269 2512 382 2578 Accius,
408 2513 502 2579 lapsus
519 2527 573 2565 esse
591 2512 700 2564 ridetur
723 2511 868 2580 (Kieiiiny
895 2509 961 2564 itii.
979 2527 1007 2578 p.
1022 2511 1043 2562 I
1046 2511 1095 2578 V);

75 2583 124 2637 sed
141 2582 211 2635 mibi
228 2585 383 2637 coniectura
397 2582 615 2649 Reifferscheieiii
632 2583 721 2652 mapis
736 2583 880 2650 probatur,
899 2582 978 2635 Accii
995 2598 1095 2634 narra-

76 2655 178 2708 tionem
196 2671 215 2707 a
229 2652 358 2708 Suetonio
371 2655 487 2708 relatam
502 2654 741 2722 narrationemque
755 2653 843 2720 ipsius
857 2652 982 2707 Suetonii
996 2652 1095 2706 Hiero-

74 2742 191 2795 nymum
209 2726 406 2794 permiscuisse.
439 2726 511 2793 quoi
534 2741 563 2778 eo
586 2726 674 2794 irrepis
696 2724 787 2790 meio,
810 2724 882 2792 quod
901 2723 1047 2778 &atomus
1064 2725 1096 2778 in

75 2799 135 2936 υσίία
149 2797 254 2850 Naeuii
269 2797 395 2864 finienda
408 2815 426 2850 a
439 2796 562 2851 Varrone
580 2803 676 2850 contra
694 2802 792 2850 acures
805 2797 1011 2850 commentarios
1023 2795 1097 2850 stetit

99 2886 122 2922 r.
137 2869 212 2935 299).

149 2961 165 3008 2
184 2955 268 3024 longe
287 2956 394 3029 <post>
413 2963 445 3011 ui
463 2957 494 3008 in
509 2957 523 3021 ξ
538 2960 573 3010 35
592 2958 750 3025 suspicatur
769 2957 875 3011 Hosius

572 3164 613 3220 59
697 3160 701 3168 '

142 3286 161 3344 i.
181 3286 208 3344 Ι.
255 3289 416 3360 postquam
440 3289 484 3344 est
506 3289 632 3344 mortem
662 3289 750 3360 aptus
773 3284 906 3360 Plautus,
935 3285 1096 3346 Comoedia

1001 3375 1045 3430 lu
1062 3378 1099 3428 aa

250 3481 357 3521 scaena
381 3466 427 3524 est
455 3465 592 3546 deserta,
622 3464 696 3528 bein
716 3466 816 3528 Risus
837 3464 955 3524 nunus
967 3395 1134 3525 sucinis

239 3554 271 3608 et
283 3552 414 3615 Numeri
435 3558 598 3622 innumeri
617 3561 720 3624 simul
737 3577 851 3622 omnes
871 3537 1164 3614 nouissimam·

876 3651 939 3710 ss*
