2400 3824
99 169 164 234 506
265 168 470 224 Grammatieae
490 170 592 224 aetatis
611 170 774 238 Augusteae
792 169 954 239 fragmenta

99 339 220 413 cadunt,
245 339 368 398 modum
390 337 512 398 tenuit?
558 338 637 414 quod
661 341 691 397 et
713 357 748 396 ex
771 337 921 398 veteribus
945 339 1013 396 eius
1037 336 1123 396 libris

99 429 291 486 manifestum
311 432 355 486 est
378 432 407 486 et
427 448 444 486 a
462 428 603 487 Messalla
621 428 653 485 in
671 427 749 486 libro
768 427 804 486 de
823 445 837 485 s
855 427 959 486 littera
978 426 1121 502 positum.

172 526 264 596 Quint.
286 532 310 594 1,
326 531 351 594 7,
364 531 402 580 23
431 541 486 590 qula
503 559 530 567 -
547 541 651 589 paurum.
696 529 731 593 ef.
758 528 841 582 Paul.
866 525 940 580 Fest.
964 529 1120 592 p.26,13.

100 602 144 664 72,
160 603 185 652 o.
223 599 296 653 Fert.
311 617 340 667 p.
360 602 444 664 sora,
457 603 502 653 23.
535 602 618 664 assi,
632 601 676 652 21.

171 702 184 749 1
206 696 268 750 dice
283 699 311 750 et
324 695 395 749 facie
410 698 451 751 ool
465 696 546 750 dicae
560 699 589 750 et
602 696 693 750 faciae
707 695 779 765 (face
794 696 918 750 Ambros.
928 696 1025 750 Poris.
1038 696 1119 764 7723)

99 773 114 820 3
134 768 163 820 et
182 768 227 839 ex]
247 785 280 820 ex
299 769 423 823 Ambros.

599 903 622 959 2

166 1025 180 1065 s
199 1025 259 1066 non
277 1007 355 1065 nulli
373 1007 507 1066 litteram
525 1027 584 1066 non
603 1008 761 1082 putarunt3
779 1025 850 1064 nam
865 1005 1008 1064 Messalla
1029 1024 1117 1081 quen·
1153 1006 1156 1013 “

99 1094 168 1153 dam
191 1096 310 1154 sibilum
335 1096 418 1154 dixit.

172 1195 259 1249 Mart.
281 1196 347 1264 Gap.
363 1199 389 1261 3,
407 1198 462 1249 244
481 1221 551 1249 enon
564 1209 622 1248 nnus
635 1227 662 1233 -
676 1209 740 1248 dixit.
765 1210 838 1261 quae
860 1195 957 1247 tamen
976 1193 1116 1262 utrimque

98 1283 117 1334 p
135 1264 248 1319 litterae
268 1265 424 1335 copulatur,
438 1268 470 1319 ut
484 1265 573 1335 spado
592 1266 740 1335 psittacus,
760 1269 788 1318 et
802 1282 817 1319 c
831 1281 850 1332 q
863 1265 877 1318 t
891 1267 1043 1333 sequentes
1062 1281 1116 1319 am·

98 1335 244 1405 plectitur,
267 1339 300 1390 ut
323 1337 443 1391 Scaurus
467 1353 584 1404 squama
608 1336 699 1390 stella.
736 1338 834 1408 frapm.
855 1337 924 1392 Bod.
945 1337 1043 1393 ooK
1063 1337 1117 1392 VII

99 1412 164 1474 538,
179 1411 216 1463 32
235 1426 247 1462 s
263 1408 414 1475 aliquando
435 1408 542 1476 sibilus,
561 1425 618 1461 non
636 1408 733 1462 littera
751 1407 902 1461 iudicatur.

600 1544 621 1599 3

167 1667 243 1723 quae
267 1649 325 1707 fuit
349 1667 438 1708 causa
462 1652 492 1707 et
516 1648 618 1708 Servio
649 1643 744 1726 [Solp.
763 1666 857 1721 sopra
875 1641 960 1726 test.],
988 1651 1026 1707 ut
1049 1647 1115 1722 dixi,

99 1736 316 1796 subtrahendae
336 1757 349 1796 s
367 1737 500 1812 litterae,
524 1737 660 1812 quotiens
684 1737 791 1794 ultima
810 1740 887 1796 esset
909 1737 1033 1813 aliaque
1051 1756 1114 1796 con·

99 1829 223 1886 sonante
260 1828 471 1902 susciperetur,
509 1827 587 1902 quod
622 1826 775 1902 reprendit
807 1825 955 1885 Luranius
998 1820 1050 1905 [fr.
1076 1819 1114 1905 1],

98 1915 240 1976 Messalla
264 1916 410 1991 defendit3
434 1935 502 1974 nam
527 1935 622 1990 neque
641 1915 790 1973 Lucilium
812 1916 923 1990 putant
945 1917 994 1974 uti
1016 1915 1115 1975 eadem

73 2020 84 2059 s
99 2004 216 2078 ultima,
235 2024 300 2063 oum
316 2005 389 2063 dicit
409 1998 488 2083 [149
502 1999 582 2083 Mo]
604 2000 796 2064 ‘Aeserninus
810 1999 879 2062 fuit'
896 2006 926 2062 et
942 1997 1024 2083 [150
1038 1997 1114 2082 Mo]

62 2092 65 2099 ’
101 2088 220 2170 ‘dignus
244 2088 385 2168 locoque’
410 2097 440 2152 et
464 2093 566 2152 Cicero
589 2096 621 2151 in
645 2096 763 2153 oratore
792 2086 886 2172 [161]
914 2094 1018 2170 plures
1042 2093 1114 2152 anti·
1194 2142 1197 2149 .

100 2202 227 2258 quorum
250 2183 344 2240 tradit
367 2185 409 2242 sic
432 2184 555 2242 locutos.

172 2280 264 2350 Quint.
280 2286 306 2346 9,
320 2286 345 2346 4,
360 2285 396 2336 38
415 2306 472 2343 quse
485 2295 530 2335 rust
547 2313 574 2320 -
591 2297 684 2335 1ocus0s.
710 2282 744 2348 cf.
765 2283 830 2347 Leo,
849 2282 893 2336 Pl.
912 2281 947 2335 F.
963 2298 995 2350 p.
1014 2285 1113 2350 230sq.

171 2394 185 2440 1
202 2387 274 2440 dixit
288 2389 453 2442 Lachmann
525 2393 541 2440 4
555 2389 639 2456 putat
653 2387 790 2459 Spaldiap
803 2388 868 2454 fort.
882 2394 951 2443 recte
1025 2386 1114 2442 deeri-

98 2476 163 2514 nus:
183 2477 230 2513 em.
250 2460 438 2514 LFSchmc'dt
455 2461 513 2515 coll.
533 2460 608 2514 Nou.
623 2477 653 2527 p.
669 2463 724 2513 393

620 2595 638 2650 4

167 2699 325 2775 duapondo
349 2702 380 2757 et
406 2699 553 2776 trepondo
570 2592 674 2774 iisque
699 2699 736 2757 ad
763 2702 897 2758 nostram
924 2701 1058 2758 aetatem
1080 2697 1114 2757 ab

99 2789 238 2848 omnibus
262 2789 376 2848 dictum
400 2793 453 2862 est,
477 2791 507 2847 et
529 2791 610 2846 recte
633 2787 693 2846 dici
716 2788 856 2847 Messalla
878 2787 1044 2848 confirmat.

172 2886 264 2956 Quint.
280 2892 306 2954 1,
320 2891 346 2954 5,
361 2891 396 2941 15
414 2902 481 2939 nam
500 2888 529 2941 et
548 2887 604 2938 dua
620 2888 649 2940 et
667 2887 710 2940 tre
728 2885 822 2954 pondo
842 2884 1016 2940 diversorum
1035 2904 1114 2956 gene·
1198 2945 1200 2967 γ

98 2975 160 3010 rum
179 2960 245 3012 sunt
258 2957 439 3024 barbarism13
460 2960 489 3011 at
507 2972 628 3019 duapondo
642 2989 668 2996 -
682 2971 805 3011 confirmat.

508 3143 707 3197 EPISTULAE

602 3277 621 3335 5

166 3383 283 3444 eosdem
317 3378 547 3462 [prommotieos]
580 3383 763 3442 litteratores
796 3385 942 3443 vocitatos
974 3384 1121 3446 Messalla

100 3472 244 3534 Corvinus
263 3473 295 3530 in
313 3473 443 3548 quadam
461 3473 589 3547 epistula
608 3471 747 3546 ostendit,
770 3492 829 3531 non
853 3491 915 3531 esse
939 3472 999 3532 sibi
1018 3474 1121 3536 dicens

30 3530 51 3614 Ι
86 3582 151 3623 rem
186 3583 255 3625 oum
282 3563 377 3625 Furio
410 3562 571 3637 Bibaculo,
604 3581 642 3620 ne
674 3579 742 3619 oum
773 3561 877 3620 Ticida
909 3560 1035 3637 quidem
1068 3568 1123 3625 aut
