2400 3824
139 184 203 248 308
288 183 494 238 Grammaticae
514 184 616 237 aetatis
634 183 825 238 Varronianae
844 183 1006 251 fragmenta

138 345 269 400 trieteris.
311 347 353 399 ita
376 349 405 400 et
428 347 528 400 Usener
553 363 597 414 ap.
624 347 713 401 Wiba.
740 347 827 400 verbis
854 344 883 397 id
912 347 956 398 est
981 360 1108 413 compos.
1128 375 1157 384 -

139 418 311 471 absimilium
328 420 439 472 scelus-'rs
462 417 593 484 trieteris,
620 417 724 470 dicitur
743 418 809 471 Keil
898 433 954 470 uno
975 417 1042 470 odd.
1072 417 1157 471 Wizm.

140 495 173 542 14
192 490 290 542 eodem
309 495 369 558 post
388 506 482 542 omnes
503 489 568 542 Keil

565 623 631 681 aas
656 614 727 700 [os]

205 747 306 789 versus
326 734 378 804 est,
401 731 436 787 ut
454 729 583 788 Varroni
602 729 709 804 placet,
733 728 889 786 vorborum
908 729 1058 804 iunctura,
1084 746 1158 804 quae

138 839 191 895 per
210 819 351 877 articulos
371 821 401 877 et
419 820 568 877 commata
587 837 620 876 ac
639 817 794 892 rhythmos
814 818 986 875 modulatur
1010 818 1042 874 in
1062 816 1158 893 pedes.

137 911 246 984 incipit
265 910 365 966 autem
385 927 403 965 a
421 908 548 965 dimetro
568 911 598 965 et
615 907 750 982 procedit
767 924 861 982 usque
881 907 919 964 ad
942 907 1156 981 hexametrum,

138 1001 169 1055 in
193 999 239 1056 his
259 998 328 1055 dum
348 1000 432 1055 taxat
454 996 587 1056 versibus
608 998 659 1071 qui
677 1015 730 1071 per
753 995 886 1073 singulos
904 995 994 1072 podes
1014 996 1157 1054 dirimun-

113 1090 201 1161 stur,
233 1088 265 1144 in
292 1088 352 1145 illis
377 1089 489 1160 autem,
520 1085 572 1160 qui
594 1104 647 1162 per
674 1085 838 1161 dipodiam,
869 1103 962 1160 usque
994 1084 1032 1144 ad
1068 1088 1158 1144 tetra-

139 1179 267 1234 metrum
302 1177 349 1235 vel
385 1178 620 1250 pentametrum,
657 1194 718 1232 non
753 1193 916 1249 numquam
952 1173 1159 1232 hexametrum

138 1265 281 1340 procedit.
327 1264 434 1340 quibus
462 1264 497 1322 de
521 1264 666 1323 divisione
694 1282 728 1321 ac
756 1264 909 1322 scansione
937 1281 1024 1322 suum
1054 1265 1159 1340 cuique

139 1374 246 1413 nomen
277 1357 328 1412 est.
380 1372 453 1428 quos
483 1353 576 1411 latine
608 1354 761 1412 taxatione
793 1353 974 1428 simplicium
1005 1348 1159 1430 (pedum)

141 1445 272 1502 senarios
292 1445 453 1517 trimetros,
477 1443 644 1502 octonarios
663 1461 733 1501 vero
756 1445 946 1501 tetrametros
965 1445 1158 1501 vocaverunt.

101 1553 126 1591 ro
142 1532 264 1591 abusiva
294 1551 364 1591 vero
395 1533 467 1591 haec
498 1533 660 1608 appellatio
690 1531 857 1605 habebitur,
889 1549 955 1588 oum
986 1533 1105 1590 sincera
1132 1535 1159 1589 et

141 1624 263 1698 propria
286 1621 501 1698 significatione
526 1619 705 1680 Graecorum
727 1638 829 1680 versus
851 1621 958 1678 herous
988 1621 1159 1678 hexameter

141 1730 210 1787 epos
230 1712 354 1770 dicatur.
393 1711 472 1786 apud
490 1729 544 1769 nos
563 1713 664 1769 autem
681 1728 783 1768 versus
803 1709 899 1768 dictus
918 1712 963 1768 est
983 1728 1001 1767 a
1020 1713 1157 1784 versuris,

140 1801 171 1858 id
195 1803 240 1859 est
263 1820 280 1858 a
307 1801 435 1876 repetita
463 1801 610 1875 scriptura
634 1819 669 1857 er
692 1818 726 1857 ea
754 1802 839 1875 parte
866 1799 897 1856 in
921 1817 1012 1874 quam
1042 1799 1158 1858 desinit.

140 1891 245 1966 primis
269 1892 347 1947 enim
370 1889 562 1965 temporibus,
591 1890 667 1947 sicut
691 1887 812 1963 quidam
837 1888 986 1963 adserunt,
1011 1890 1055 1946 sic
1078 1889 1159 1947 soliti

101 1999 126 2037 rs
141 1981 226 2037 orant
258 1978 396 2053 scrihere,
428 1981 463 2036 ut
493 1997 560 2038 cum
590 1997 608 2036 a
637 1979 759 2036 sinistra
790 1981 876 2053 parte
908 1979 1030 2035 initium
1064 1978 1158 2036 facere

143 2071 308 2144 coepissent
331 2070 360 2125 et
383 2067 535 2126 duxissent
559 2068 596 2125 ad
619 2067 768 2141 dextram,
798 2069 969 2142 sequentem
999 2085 1120 2125 versum
1143 2085 1159 2124 a

142 2157 246 2214 dextra
273 2161 358 2232 parte
386 2157 559 2216 inchoantes
587 2157 625 2214 ad
653 2157 805 2215 sinistram
831 2155 1040 2232 perducerent3
1072 2175 1159 2231 quem

141 2266 253 2304 morem
276 2248 376 2303 ferunt
399 2245 547 2304 custodire
576 2246 672 2304 adhuc
694 2247 726 2302 in
750 2247 810 2304 suis
834 2245 898 2303 liris
921 2246 1058 2303 rusticos.
1105 2245 1159 2303 hoc

143 2338 242 2394 autem
274 2353 367 2412 genus
400 2337 564 2411 scripturae
597 2335 734 2393 dicebant
765 2333 987 2410 bustrophedon
1018 2352 1037 2391 a
1068 2333 1159 2393 boum

101 2444 128 2482 ro
142 2426 323 2499 versatione,
352 2424 430 2482 unde
461 2424 557 2483 adhuc
584 2423 615 2481 in
643 2423 756 2482 arando
783 2423 835 2481 ubi
863 2423 973 2481 desinit
1000 2423 1103 2481 sulcus
1132 2425 1160 2481 et

141 2514 219 2572 unde
239 2514 315 2572 alter
332 2514 489 2573 inchoatur
507 2532 628 2572 versura
651 2514 772 2588 proprio
791 2512 937 2571 vocabulo
960 2515 1159 2588 nuncupatur.

143 2606 238 2662 omnis
267 2607 368 2661 autem
390 2620 493 2662 versus
517 2602 554 2660 ab
576 2605 695 2679 integra
716 2603 802 2678 parte
825 2602 969 2660 orationis
998 2601 1109 2676 incipit
1132 2603 1160 2659 et

141 2694 173 2751 in
192 2694 341 2770 integram
360 2692 469 2750 desinit
488 2691 616 2767 exceptis
640 2692 695 2766 his,
719 2709 796 2767 quae
817 2693 849 2749 in
869 2691 1029 2749 comoediis
1047 2690 1160 2748 iocula-

142 2783 216 2840 riter
243 2783 323 2840 diota
353 2783 494 2856 corrupta
521 2784 574 2839 aut
604 2781 766 2857 semiplena
797 2780 968 2854 offeruntur,
1001 2782 1055 2838 aut
1084 2799 1160 2856 quae

102 2891 128 2930 ss
142 2891 210 2928 raro
244 2871 322 2946 apud
355 2872 454 2946 epicos
485 2872 575 2928 metri
605 2871 780 2929 necessitate
813 2869 995 2928 dividuntur.
1023 2901 1061 2910 -
1095 2870 1161 2945 pari

142 2962 257 3018 ratione
276 2962 307 3017 in
326 2977 413 3018 versu
432 2962 462 3017 et
481 2978 611 3034 apocope
629 2961 788 3035 praecepta
808 2963 861 3034 est,
880 2958 912 3016 id
930 2960 976 3016 est
994 2957 1160 3017 subtractio

142 3048 276 3124 syllabae
304 3049 524 3124 syllabarumvo
552 3048 710 3106 cuiuslibet
737 3049 880 3107 orationis
910 3049 1006 3105 metro
1034 3050 1159 3124 cogente

143 3139 237 3211 facta,
266 3157 341 3212 quac
369 3138 431 3196 sire
458 3138 490 3194 in
513 3137 604 3196 verbo
627 3139 689 3197 sive
716 3139 748 3194 in
775 3137 893 3195 nomine
921 3135 1077 3211 acciderit,
1106 3155 1160 3213 pro

144 3229 261 3304 integra
284 3230 369 3302 parto
393 3227 534 3285 orationis
559 3227 729 3302 accipietur,
752 3230 786 3284 ut
814 3220 907 3304 [Boc
931 3243 1001 3284 aaa.
1023 3225 1089 3284 563
1100 3217 1159 3303 V.¹]

103 3336 130 3375 so
145 3311 232 3374 ‘endo
247 3333 301 3374 sua
315 3310 364 3374 do'
384 3315 416 3373 id
430 3318 475 3374 est
492 3317 522 3372 in
538 3333 593 3374 sua
607 3316 702 3373 domo.
734 3316 807 3373 item
827 3309 920 3393 [Ena.
936 3332 1005 3374 aaa.
1021 3317 1090 3374 317
1100 3305 1158 3392 W]

144 3399 190 3464 ‘ac
209 3405 303 3463 famul
321 3405 440 3464 infimus
459 3399 547 3464 esset’
570 3424 624 3480 pro
643 3405 764 3463 famulo.
802 3404 940 3462 similiter
962 3397 1074 3482 [Lucil.
1095 3403 1158 3462 378

131 3488 221 3575 Ma]
261 3489 380 3573 ‘proras
415 3494 580 3573 despoliato
611 3497 643 3553 et
674 3485 832 3552 detundote
867 3487 1016 3569 guberna'
1050 3492 1083 3550 id
1116 3495 1158 3552 est

61 3576 72 3599 ⁸
114 3585 339 3662 gubernacula
365 3623 421 3652 —.
459 3604 570 3651 versus
598 3587 704 3646 autom
732 3583 827 3640 distat
850 3600 873 3638 a
888 3584 1002 3652 metra,
1026 3581 1108 3654 uuod
1128 3582 1157 3638 ir
