2400 3824
124 231 191 296 564
291 229 498 285 Grammaticos
517 229 620 284 aetatis
638 230 799 299 Auguetsae
816 227 979 298 fragments

125 399 189 458 vite
215 399 333 459 functos
357 402 386 458 et
411 399 551 475 sepultos,
580 416 686 474 eosque
710 397 848 456 habuisse
871 395 1030 472 proprium
1054 413 1147 472 genus

125 489 218 547 tubae
243 508 305 564 quo
328 492 467 548 canerent
491 508 509 546 a
532 491 697 546 ceterorum
719 486 886 546 tubicinum
908 485 1059 544 differens.

200 588 269 643 Gell.
288 591 334 654 20,
351 591 416 654 2,3
440 613 483 642 nos
507 589 602 640 aulem
624 601 649 640 in
663 599 817 649 Capitonis-
830 600 939 639 differens.
976 585 1014 651 Cf.
1040 584 1097 640 Oic-
1117 585 1148 638 de

127 661 174 730 leq.
189 663 217 726 2,
231 663 274 714 57.
312 660 386 714 Noc.
406 675 436 727 p.
452 663 496 725 54,
509 662 547 712 23
572 657 737 712 ‘siticines’.
774 657 807 709 ut
824 656 947 710 liticines
967 671 985 708 o
1004 655 1092 721 lituo,
1116 659 1147 709 ut

125 730 266 784 tubicines
281 730 384 797 stubs,
399 730 440 783 ite
450 729 584 798 siticines‚
599 729 649 797 qui
663 731 732 798 aput
746 728 888 781 funeratos
899 727 942 780 vel
958 726 1020 780 vita
1035 725 1146 780 functos

127 804 155 854 et
169 801 303 871 sepultos,
321 802 375 854 hoc
389 805 431 856 est
450 801 508 854 ism
522 800 599 868 sitos,
619 816 718 854 cancro
738 799 814 853 soliti
831 802 911 853 erent
929 797 1046 852 honoris
1062 815 1146 852 cause

127 876 225 927 centus
248 872 448 926 lamentabilis.
485 872 539 926 hoc
556 872 587 925 in
604 871 685 926 libris
708 870 895 924 coniecteneis
913 870 981 923 Atei
1001 868 1145 938 Capitonis

126 944 276 1008 invenitur,
290 947 319 997 et
329 942 398 998 Ceto
414 944 494 1014 [orat.
505 945 564 998 LX
569 944 665 997 VIIII
669 943 709 1014 J]
724 942 754 995 id
768 941 935 996 vocobulum
948 941 1146 994 indubitanter

126 1015 266 1084 adposuit.

200 1137 216 1183 3
237 1131 348 1184 functos
368 1133 396 1184 et
415 1129 545 1199 fun(c)tos
565 1134 593 1185 et
612 1130 747 1202 Moplc'ob.
768 1131 865 1200 Repio.
885 1132 940 1184 597
958 1132 1078 1214 111646

342 1360 391 1414 nx
411 1360 527 1415 cresis
546 1360 595 1414 os
616 1360 703 1415 loen
724 1359 929 1415 Ponrrrrcro

586 1514 609 1572 2
633 1506 682 1591 [2]

195 1637 243 1695 lib.
265 1637 318 1697 VI.
363 1636 513 1694 mundus
543 1668 587 1676 -
613 1639 668 1695 ter
697 1637 733 1694 in
763 1655 853 1695 anno
882 1640 1009 1712 petere
1041 1637 1143 1708 solet,

129 1725 256 1784 diebus
292 1725 364 1784 his:
400 1725 580 1801 postridie
614 1724 827 1785 Volcsnalia
863 1728 898 1784 et
935 1729 1018 1784 ante
1057 1725 1144 1783 diem

129 1810 198 1892 <111
215 1815 300 1874 Non.
321 1812 393 1874 Oct.
418 1819 453 1873 et
476 1817 557 1873 ante
581 1809 693 1892 diem>
715 1814 759 1871 VI
781 1814 829 1872 Id.
852 1815 950 1888 Nov.;
975 1817 1040 1891 qui
1063 1814 1145 1890 quid

130 1903 183 1962 ite
207 1905 359 1978 dicetur,
382 1905 433 1962 sic
456 1905 570 1962 refert
590 1903 676 1962 Ceto
700 1904 736 1961 in
760 1905 1031 1963 commentariis
1055 1904 1144 1962 iuris

104 1994 252 2052 scivilis
277 1987 383 2072 [supra
400 1994 439 2066 fr.
460 1987 530 2071 18]:
555 1987 697 2050 ‘mundo
721 2011 845 2051 nornen
868 1993 1071 2068 inpositum
1095 1995 1145 2050 est

131 2082 171 2140 eb
195 2101 234 2140 eo
257 2082 385 2141 mundo
409 2084 471 2158 qui
499 2101 606 2157 supra
629 2099 691 2140 nos
716 2085 782 2156 est3
804 2082 924 2140 'forme
953 2083 1048 2140 enim
1072 2083 1145 2140 eius

130 2175 197 2245 est,
221 2174 260 2228 ut
280 2191 319 2229 ex
342 2171 397 2230 his
417 2173 478 2245 qui
501 2173 685 2230 intravere
706 2188 920 2246 cognoscere
944 2173 1063 2246 potui,
1088 2169 1145 2228 ad·

131 2260 263 2318 similis
287 2255 400 2318 illee'.

202 2359 275 2413 Fert.
286 2375 316 2426 p.
333 2362 413 2424 154b,
428 2362 464 2412 30
482 2373 585 2422 mundus,
603 2360 636 2411 ut
655 2359 695 2411 ait
710 2357 810 2426 Capito
825 2358 923 2412 Ateius
941 2359 972 2412 in
990 2357 1010 2410 l.
1026 2358 1066 2412 Vl
1080 2374 1146 2427 pon-

130 2428 237 2496 tificali,
260 2448 334 2484 rer-
348 2443 456 2484 adsimilis
474 2443 532 2483 mae.
564 2432 656 2500 perpet
678 2431 766 2484 oratio
785 2431 868 2484 Areo.
905 2431 937 2484 de
959 2447 988 2483 rc
1012 2431 1048 2496 cf.
1075 2431 1148 2484 Fert.

125 2518 156 2569 p.
173 2505 253 2567 1420,
266 2505 311 2556 22.
349 2502 431 2556 Paul.
445 2504 594 2568 p.156,1.

203 2623 217 2669 2
237 2615 405 2688 Volkonalie
423 2620 503 2671 tante
594 2623 609 2668 3
632 2617 670 2670 ΙΠ
687 2649 723 2656 -
741 2617 817 2670 diem
834 2619 923 2686 suppl.
946 2616 1053 2672 OMue.

579 2789 600 2845 3
624 2779 695 2864 [15]

197 2910 333 2984 pollex,
362 2909 421 2984 qui
449 2928 575 2968 nomon
598 2910 639 2968 ab
664 2928 701 2969 eo
726 2909 820 2986 quod
847 2909 964 2985 pollet
993 2913 1149 2986 occepit,

132 2998 249 3056 necin
268 2999 421 3058 sinistre
440 3002 558 3058 cesset
580 3018 643 3057 nec
660 2999 776 3059 minus
796 3017 898 3074 quem
921 3001 1000 3057 tote
1024 3018 1149 3058 manus

133 3105 270 3162 semper
283 3089 321 3146 in
334 3088 463 3148 officio
478 3091 543 3162 est3
558 3089 649 3146 unde
664 3091 698 3146 et
713 3088 806 3164 apud
822 3087 975 3147 Graecos
990 3084 1150 3166 ἄντίχειρ

133 3179 283 3235 vocatur
306 3179 412 3252 quasi
433 3196 557 3236 manus
579 3178 704 3235 alters.

206 3275 330 3329 Macrob.
350 3280 481 3342 7,13,11
506 3276 535 3328 in
558 3276 683 3329 medium
704 3275 814 3344 profero
829 3291 902 3342 quoe
921 3275 955 3328 de
974 3274 1029 3328 hac
1048 3276 1151 3329 eedem

134 3361 221 3400 cause
247 3347 322 3415 apud
347 3347 461 3401 Ateium
487 3346 652 3415 Capitonem
680 3346 817 3416 pontificii
845 3345 913 3398 iuris
940 3345 1015 3400 inter
1042 3347 1150 3415 primos

132 3417 256 3486 peritum
274 3417 376 3487 legisse
394 3418 509 3471 memini
523 3451 550 3457 -
568 3419 657 3489 [Ateii
669 3420 749 3472 cerba
763 3420 795 3471 dc
808 3419 868 3471 icore
882 3435 986 3487 usuque
999 3420 1151 3472 acetrum

133 3489 233 3560 omitt]
259 3504 325 3541 nam
338 3497 563 3558 pollex—&ccipere
581 3490 674 3557 inquit
687 3506 780 3543 vocetur
791 3521 817 3528 -
829 3504 898 3542 alters
911 3521 938 3528 -
956 3490 1060 3558 [peryit
1073 3490 1152 3544 Ateii

130 3560 241 3634 oratio}
284 3561 355 3615 haec
378 3565 455 3627 sunt,
481 3577 553 3629 quae
578 3560 663 3616 lectio
688 3559 857 3629 pontificalis
882 3559 976 3613 habet.
1018 3561 1054 3627 cf.
1078 3562 1150 3615 Isid.

121 3639 224 3704 onll,
240 3640 265 3704 1,
287 3639 331 3692 70.
371 3633 460 3693 061,
481 3635 514 3690 Il
535 3637 598 3702 152,
615 3636 660 3687 45.
679 3633 705 3687 V
725 3634 787 3696 556,
803 3637 832 3684 8.
