<?xml version="1.0" encoding="UTF-8"?>
<!DOCTYPE html PUBLIC "-//W3C//DTD XHTML 1.0 Transitional//EN"
    "http://www.w3.org/TR/xhtml1/DTD/xhtml1-transitional.dtd">
<html xmlns="http://www.w3.org/1999/xhtml" xml:lang="en" lang="en">
 <head>
  <title>
</title>
<meta http-equiv="Content-Type" content="text/html;charset=utf-8" />
  <meta name='ocr-system' content='tesseract 3.04.00' />
  <meta name='ocr-capabilities' content='ocr_page ocr_carea ocr_par ocr_line ocrx_word'/>
</head>
<body>
  <div class='ocr_page' id='page_1' title='image "./grammaticaeroma02funagoog_0009.png"; bbox 0 0 2400 3824; ppageno 0'>
   <div class='ocr_carea' id='block_1_1' title="bbox 104 156 682 211">
    <p class='ocr_par' dir='ltr' id='par_1_1' title="bbox 104 156 682 211">
     <span class='ocr_line' id='line_1_1' title="bbox 104 156 682 211; baseline -0.002 0"><span class='ocrx_word' id='word_1_1' title='bbox 104 158 143 211; x_wconf 86' lang='lat' dir='ltr'><strong>VI</strong></span> <span class='ocrx_word' id='word_1_2' title='bbox 540 156 682 211; x_wconf 87' lang='lat' dir='ltr'><strong>Praefatio</strong></span> 
     </span>
    </p>
   </div>
   <div class='ocr_carea' id='block_1_2' title="bbox 104 326 1121 1919">
    <p class='ocr_par' dir='ltr' id='par_1_2' title="bbox 104 326 1121 1919">
     <span class='ocr_line' id='line_1_2' title="bbox 170 326 1119 386; baseline -0.001 -1"><span class='ocrx_word' id='word_1_3' title='bbox 170 329 203 385; x_wconf 86' lang='lat' dir='ltr'><strong>in</strong></span> <span class='ocrx_word' id='word_1_4' title='bbox 230 327 377 386; x_wconf 78' lang='lat' dir='ltr'><strong>indicibus</strong></span> <span class='ocrx_word' id='word_1_5' title='bbox 401 327 589 386; x_wconf 76' lang='lat' dir='ltr'><strong>conficiendis</strong></span> <span class='ocrx_word' id='word_1_6' title='bbox 612 329 736 385; x_wconf 75' lang='lat' dir='ltr'><strong>comiter</strong></span> <span class='ocrx_word' id='word_1_7' title='bbox 758 346 805 384; x_wconf 92' lang='lat' dir='ltr'><strong>me</strong></span> <span class='ocrx_word' id='word_1_8' title='bbox 829 326 1007 386; x_wconf 86' lang='lat' dir='ltr'><strong>adiuverunt</strong></span> <span class='ocrx_word' id='word_1_9' title='bbox 1030 330 1119 386; x_wconf 87' lang='lat' dir='ltr'><strong>amioi</strong></span> 
     </span>
     <span class='ocr_line' id='line_1_3' title="bbox 105 415 1118 494; baseline -0.001 -18"><span class='ocrx_word' id='word_1_10' title='bbox 105 419 213 492; x_wconf 87' lang='lat' dir='ltr'><strong>optimi</strong></span> <span class='ocrx_word' id='word_1_11' title='bbox 239 416 453 476; x_wconf 81' lang='lat' dir='ltr'><strong>IAistermann</strong></span> <span class='ocrx_word' id='word_1_12' title='bbox 480 419 510 474; x_wconf 91' lang='lat' dir='ltr'><strong>et</strong></span> <span class='ocrx_word' id='word_1_13' title='bbox 535 415 688 488; x_wconf 79' lang='lat' dir='ltr'><strong>PBeoker‚</strong></span> <span class='ocrx_word' id='word_1_14' title='bbox 718 419 869 474; x_wconf 87' lang='lat' dir='ltr'><strong>seminarii</strong></span> <span class='ocrx_word' id='word_1_15' title='bbox 896 416 1118 494; x_wconf 84' lang='lat' dir='ltr'><strong>philologorum</strong></span> 
     </span>
     <span class='ocr_line' id='line_1_4' title="bbox 104 505 1119 565; baseline -0.001 0"><span class='ocrx_word' id='word_1_16' title='bbox 104 505 270 565; x_wconf 87' lang='lat' dir='ltr'><strong>Bonnensis</strong></span> <span class='ocrx_word' id='word_1_17' title='bbox 294 506 431 564; x_wconf 80' lang='lat' dir='ltr'><strong>seniores.</strong></span> <span class='ocrx_word' id='word_1_18' title='bbox 469 507 501 562; x_wconf 91' lang='lat' dir='ltr'><strong>in</strong></span> <span class='ocrx_word' id='word_1_19' title='bbox 524 505 601 563; x_wconf 88' lang='lat' dir='ltr'><strong>libro</strong></span> <span class='ocrx_word' id='word_1_20' title='bbox 621 508 722 563; x_wconf 89' lang='lat' dir='ltr'><strong>autem</strong></span> <span class='ocrx_word' id='word_1_21' title='bbox 745 505 927 564; x_wconf 87' lang='lat' dir='ltr'><strong>emendando</strong></span> <span class='ocrx_word' id='word_1_22' title='bbox 945 506 1025 564; x_wconf 86' lang='lat' dir='ltr'><strong>ultro</strong></span> <span class='ocrx_word' id='word_1_23' title='bbox 1044 506 1119 564; x_wconf 85' lang='lat' dir='ltr'><strong>mihi</strong></span> 
     </span>
     <span class='ocr_line' id='line_1_5' title="bbox 105 593 1118 672; baseline 0.001 -20"><span class='ocrx_word' id='word_1_24' title='bbox 105 613 225 670; x_wconf 88' lang='lat' dir='ltr'><strong>operam</strong></span> <span class='ocrx_word' id='word_1_25' title='bbox 244 594 326 653; x_wconf 80' lang='lat' dir='ltr'><strong>dedit</strong></span> <span class='ocrx_word' id='word_1_26' title='bbox 342 593 516 667; x_wconf 79' lang='lat' dir='ltr'><strong>FSolmsen,</strong></span> <span class='ocrx_word' id='word_1_27' title='bbox 536 595 587 670; x_wconf 90' lang='lat' dir='ltr'><strong>qui</strong></span> <span class='ocrx_word' id='word_1_28' title='bbox 601 613 710 671; x_wconf 87' lang='lat' dir='ltr'><strong>magna</strong></span> <span class='ocrx_word' id='word_1_29' title='bbox 729 597 862 670; x_wconf 83' lang='lat' dir='ltr'><strong>exparte</strong></span> <span class='ocrx_word' id='word_1_30' title='bbox 878 595 1016 672; x_wconf 84' lang='lat' dir='ltr'><strong>plagulas</strong></span> <span class='ocrx_word' id='word_1_31' title='bbox 1031 597 1118 672; x_wconf 79' lang='lat' dir='ltr'><strong>legit3</strong></span> 
     </span>
     <span class='ocr_line' id='line_1_6' title="bbox 105 684 1118 760; baseline 0.001 -18"><span class='ocrx_word' id='word_1_32' title='bbox 105 703 159 742; x_wconf 84' lang='lat' dir='ltr'><strong>neo</strong></span> <span class='ocrx_word' id='word_1_33' title='bbox 177 684 272 742; x_wconf 88' lang='lat' dir='ltr'><strong>defuit</strong></span> <span class='ocrx_word' id='word_1_34' title='bbox 283 684 401 742; x_wconf 88' lang='lat' dir='ltr'><strong>Vitellii</strong></span> <span class='ocrx_word' id='word_1_35' title='bbox 419 687 558 759; x_wconf 89' lang='lat' dir='ltr'><strong>prompta</strong></span> <span class='ocrx_word' id='word_1_36' title='bbox 576 684 714 743; x_wconf 87' lang='lat' dir='ltr'><strong>voluntas</strong></span> <span class='ocrx_word' id='word_1_37' title='bbox 729 685 957 760; x_wconf 79' lang='lat' dir='ltr'><strong>auctoritasque.</strong></span> <span class='ocrx_word' id='word_1_38' title='bbox 986 686 1118 743; x_wconf 82' lang='lat' dir='ltr'><strong>consiliis</strong></span> 
     </span>
     <span class='ocr_line' id='line_1_7' title="bbox 105 772 1119 832; baseline -0.001 -1"><span class='ocrx_word' id='word_1_39' title='bbox 105 774 197 831; x_wconf 87' lang='lat' dir='ltr'><strong>etiam</strong></span> <span class='ocrx_word' id='word_1_40' title='bbox 210 773 401 832; x_wconf 73' lang='lat' dir='ltr'><strong>Fltamorimo</strong></span> <span class='ocrx_word' id='word_1_41' title='bbox 421 776 451 832; x_wconf 89' lang='lat' dir='ltr'><strong>et</strong></span> <span class='ocrx_word' id='word_1_42' title='bbox 464 772 660 831; x_wconf 83' lang='lat' dir='ltr'><strong>RSabbadini</strong></span> <span class='ocrx_word' id='word_1_43' title='bbox 678 791 724 831; x_wconf 87' lang='lat' dir='ltr'><strong>me</strong></span> <span class='ocrx_word' id='word_1_44' title='bbox 744 773 929 831; x_wconf 88' lang='lat' dir='ltr'><strong>adiuverunt.</strong></span> <span class='ocrx_word' id='word_1_45' title='bbox 963 774 1008 832; x_wconf 87' lang='lat' dir='ltr'><strong>his</strong></span> <span class='ocrx_word' id='word_1_46' title='bbox 1024 776 1119 831; x_wconf 88' lang='lat' dir='ltr'><strong>omni-</strong></span> 
     </span>
     <span class='ocr_line' id='line_1_8' title="bbox 104 861 1118 940; baseline 0.001 -21"><span class='ocrx_word' id='word_1_47' title='bbox 104 861 161 920; x_wconf 91' lang='lat' dir='ltr'><strong>bus</strong></span> <span class='ocrx_word' id='word_1_48' title='bbox 184 864 256 921; x_wconf 85' lang='lat' dir='ltr'><strong>viris</strong></span> <span class='ocrx_word' id='word_1_49' title='bbox 281 865 410 940; x_wconf 77' lang='lat' dir='ltr'><strong>gratiam</strong></span> <span class='ocrx_word' id='word_1_50' title='bbox 432 861 526 921; x_wconf 88' lang='lat' dir='ltr'><strong>habeo</strong></span> <span class='ocrx_word' id='word_1_51' title='bbox 547 880 695 940; x_wconf 80' lang='lat' dir='ltr'><strong>magnam.</strong></span> <span class='ocrx_word' id='word_1_52' title='bbox 731 862 781 920; x_wconf 89' lang='lat' dir='ltr'><strong>sed</strong></span> <span class='ocrx_word' id='word_1_53' title='bbox 804 862 916 921; x_wconf 88' lang='lat' dir='ltr'><strong>nemini</strong></span> <span class='ocrx_word' id='word_1_54' title='bbox 934 865 1052 921; x_wconf 88' lang='lat' dir='ltr'><strong>tantum</strong></span> <span class='ocrx_word' id='word_1_55' title='bbox 1070 882 1118 920; x_wconf 92' lang='lat' dir='ltr'><strong>me</strong></span> 
     </span>
     <span class='ocr_line' id='line_1_9' title="bbox 106 951 1119 1027; baseline 0.002 -19"><span class='ocrx_word' id='word_1_56' title='bbox 106 951 210 1010; x_wconf 89' lang='lat' dir='ltr'><strong>debere</strong></span> <span class='ocrx_word' id='word_1_57' title='bbox 228 951 368 1027; x_wconf 92' lang='lat' dir='ltr'><strong>profiteor</strong></span> <span class='ocrx_word' id='word_1_58' title='bbox 387 954 531 1026; x_wconf 86' lang='lat' dir='ltr'><strong>quantum</strong></span> <span class='ocrx_word' id='word_1_59' title='bbox 550 951 739 1025; x_wconf 80' lang='lat' dir='ltr'><strong>Buechelero,</strong></span> <span class='ocrx_word' id='word_1_60' title='bbox 758 952 879 1026; x_wconf 84' lang='lat' dir='ltr'><strong>eiusque</strong></span> <span class='ocrx_word' id='word_1_61' title='bbox 897 970 1005 1010; x_wconf 91' lang='lat' dir='ltr'><strong>nomen</strong></span> <span class='ocrx_word' id='word_1_62' title='bbox 1019 955 1119 1027; x_wconf 86' lang='lat' dir='ltr'><strong>auspi-</strong></span> 
     </span>
     <span class='ocr_line' id='line_1_10' title="bbox 106 1039 1121 1116; baseline 0 -19"><span class='ocrx_word' id='word_1_63' title='bbox 106 1042 289 1098; x_wconf 80' lang='lat' dir='ltr'><strong>catissimum</strong></span> <span class='ocrx_word' id='word_1_64' title='bbox 308 1041 379 1099; x_wconf 83' lang='lat' dir='ltr'>libri</span> <span class='ocrx_word' id='word_1_65' title='bbox 396 1039 548 1100; x_wconf 83' lang='lat' dir='ltr'><strong>exordium</strong></span> <span class='ocrx_word' id='word_1_66' title='bbox 567 1059 630 1100; x_wconf 89' lang='lat' dir='ltr'><strong>esse</strong></span> <span class='ocrx_word' id='word_1_67' title='bbox 649 1040 740 1114; x_wconf 83' lang='lat' dir='ltr'><strong>volui,</strong></span> <span class='ocrx_word' id='word_1_68' title='bbox 759 1043 890 1115; x_wconf 86' lang='lat' dir='ltr'><strong>atquae</strong></span> <span class='ocrx_word' id='word_1_69' title='bbox 909 1040 946 1099; x_wconf 88' lang='lat' dir='ltr'><strong>ab</strong></span> <span class='ocrx_word' id='word_1_70' title='bbox 966 1060 999 1098; x_wconf 93' lang='lat' dir='ltr'><strong>eo</strong></span> <span class='ocrx_word' id='word_1_71' title='bbox 1019 1043 1121 1116; x_wconf 86' lang='lat' dir='ltr'><strong>aooepi</strong></span> 
     </span>
     <span class='ocr_line' id='line_1_11' title="bbox 106 1129 1118 1206; baseline 0 -19"><span class='ocrx_word' id='word_1_72' title='bbox 106 1131 134 1187; x_wconf 90' lang='lat' dir='ltr'><strong>ei</strong></span> <span class='ocrx_word' id='word_1_73' title='bbox 151 1129 313 1188; x_wconf 85' lang='lat' dir='ltr'><strong>redderem.</strong></span> <span class='ocrx_word' id='word_1_74' title='bbox 350 1148 409 1189; x_wconf 86' lang='lat' dir='ltr'><strong>non</strong></span> <span class='ocrx_word' id='word_1_75' title='bbox 428 1130 524 1189; x_wconf 88' lang='lat' dir='ltr'><strong>solum</strong></span> <span class='ocrx_word' id='word_1_76' title='bbox 542 1132 622 1188; x_wconf 88' lang='lat' dir='ltr'><strong>enim</strong></span> <span class='ocrx_word' id='word_1_77' title='bbox 640 1129 759 1204; x_wconf 86' lang='lat' dir='ltr'><strong>publiea</strong></span> <span class='ocrx_word' id='word_1_78' title='bbox 778 1133 809 1188; x_wconf 89' lang='lat' dir='ltr'><strong>et</strong></span> <span class='ocrx_word' id='word_1_79' title='bbox 826 1132 969 1206; x_wconf 84' lang='lat' dir='ltr'><strong>privatim</strong></span> <span class='ocrx_word' id='word_1_80' title='bbox 987 1129 1118 1189; x_wconf 78' lang='lat' dir='ltr'><strong>docendo</strong></span> 
     </span>
     <span class='ocr_line' id='line_1_12' title="bbox 106 1218 1120 1296; baseline 0 -19"><span class='ocrx_word' id='word_1_81' title='bbox 106 1221 210 1277; x_wconf 78' lang='lat' dir='ltr'><strong>auctor</strong></span> <span class='ocrx_word' id='word_1_82' title='bbox 227 1221 258 1278; x_wconf 91' lang='lat' dir='ltr'><strong>et</strong></span> <span class='ocrx_word' id='word_1_83' title='bbox 275 1219 334 1277; x_wconf 83' lang='lat' dir='ltr'><strong>dux</strong></span> <span class='ocrx_word' id='word_1_84' title='bbox 353 1221 450 1294; x_wconf 91' lang='lat' dir='ltr'><strong>operis</strong></span> <span class='ocrx_word' id='word_1_85' title='bbox 468 1219 536 1291; x_wconf 86' lang='lat' dir='ltr'><strong>fuit,</strong></span> <span class='ocrx_word' id='word_1_86' title='bbox 554 1219 655 1278; x_wconf 86' lang='lat' dir='ltr'><strong>sedin</strong></span> <span class='ocrx_word' id='word_1_87' title='bbox 673 1218 804 1296; x_wconf 80' lang='lat' dir='ltr'><strong>plagulis</strong></span> <span class='ocrx_word' id='word_1_88' title='bbox 823 1221 914 1277; x_wconf 88' lang='lat' dir='ltr'><strong>etiam</strong></span> <span class='ocrx_word' id='word_1_89' title='bbox 928 1219 1120 1277; x_wconf 85' lang='lat' dir='ltr'><strong>emendandis</strong></span> 
     </span>
     <span class='ocr_line' id='line_1_13' title="bbox 105 1306 1121 1384; baseline 0 -19"><span class='ocrx_word' id='word_1_90' title='bbox 105 1307 201 1366; x_wconf 83' lang='lat' dir='ltr'><strong>multa</strong></span> <span class='ocrx_word' id='word_1_91' title='bbox 219 1311 249 1366; x_wconf 91' lang='lat' dir='ltr'><strong>et</strong></span> <span class='ocrx_word' id='word_1_92' title='bbox 267 1308 392 1384; x_wconf 80' lang='lat' dir='ltr'><strong>pulchra</strong></span> <span class='ocrx_word' id='word_1_93' title='bbox 406 1306 531 1381; x_wconf 88' lang='lat' dir='ltr'><strong>addidit,</strong></span> <span class='ocrx_word' id='word_1_94' title='bbox 549 1309 703 1383; x_wconf 79' lang='lat' dir='ltr'><strong>complura</strong></span> <span class='ocrx_word' id='word_1_95' title='bbox 717 1308 794 1367; x_wconf 87' lang='lat' dir='ltr'><strong>falsa</strong></span> <span class='ocrx_word' id='word_1_96' title='bbox 808 1309 920 1381; x_wconf 80' lang='lat' dir='ltr'><strong>reiecit,</strong></span> <span class='ocrx_word' id='word_1_97' title='bbox 938 1307 999 1365; x_wconf 88' lang='lat' dir='ltr'><strong>alia</strong></span> <span class='ocrx_word' id='word_1_98' title='bbox 1012 1327 1121 1366; x_wconf 87' lang='lat' dir='ltr'><strong>manea</strong></span> 
     </span>
     <span class='ocr_line' id='line_1_14' title="bbox 106 1397 1120 1473; baseline 0.001 -19"><span class='ocrx_word' id='word_1_99' title='bbox 106 1397 257 1472; x_wconf 83' lang='lat' dir='ltr'><strong>supplevit</strong></span> <span class='ocrx_word' id='word_1_100' title='bbox 280 1401 332 1456; x_wconf 89' lang='lat' dir='ltr'><strong>aut</strong></span> <span class='ocrx_word' id='word_1_101' title='bbox 355 1397 526 1456; x_wconf 80' lang='lat' dir='ltr'><strong>obscuriora</strong></span> <span class='ocrx_word' id='word_1_102' title='bbox 547 1398 720 1456; x_wconf 88' lang='lat' dir='ltr'><strong>illustravit.</strong></span> <span class='ocrx_word' id='word_1_103' title='bbox 759 1397 838 1473; x_wconf 91' lang='lat' dir='ltr'><strong>quod</strong></span> <span class='ocrx_word' id='word_1_104' title='bbox 858 1399 885 1458; x_wconf 87' lang='lat' dir='ltr'><strong>si</strong></span> <span class='ocrx_word' id='word_1_105' title='bbox 902 1401 1012 1470; x_wconf 86' lang='lat' dir='ltr'><strong>tamen,</strong></span> <span class='ocrx_word' id='word_1_106' title='bbox 1034 1416 1120 1472; x_wconf 85' lang='lat' dir='ltr'><strong>prae·</strong></span> 
     </span>
     <span class='ocr_line' id='line_1_15' title="bbox 106 1486 1120 1564; baseline 0.001 -20"><span class='ocrx_word' id='word_1_107' title='bbox 106 1488 291 1545; x_wconf 88' lang='lat' dir='ltr'><strong>stantissime</strong></span> <span class='ocrx_word' id='word_1_108' title='bbox 314 1489 470 1564; x_wconf 83' lang='lat' dir='ltr'><strong>magister,</strong></span> <span class='ocrx_word' id='word_1_109' title='bbox 498 1486 554 1545; x_wconf 86' lang='lat' dir='ltr'><strong>hoo</strong></span> <span class='ocrx_word' id='word_1_110' title='bbox 576 1487 687 1545; x_wconf 91' lang='lat' dir='ltr'><strong>donum</strong></span> <span class='ocrx_word' id='word_1_111' title='bbox 710 1506 810 1545; x_wconf 90' lang='lat' dir='ltr'><strong>meum</strong></span> <span class='ocrx_word' id='word_1_112' title='bbox 833 1504 948 1545; x_wconf 91' lang='lat' dir='ltr'><strong>summo</strong></span> <span class='ocrx_word' id='word_1_113' title='bbox 971 1488 1036 1546; x_wconf 85' lang='lat' dir='ltr'><strong>viro</strong></span> <span class='ocrx_word' id='word_1_114' title='bbox 1060 1506 1120 1545; x_wconf 90' lang='lat' dir='ltr'><strong>non</strong></span> 
     </span>
     <span class='ocr_line' id='line_1_16' title="bbox 106 1574 1121 1653; baseline 0 -21"><span class='ocrx_word' id='word_1_115' title='bbox 106 1577 178 1633; x_wconf 83' lang='lat' dir='ltr'><strong>satis</strong></span> <span class='ocrx_word' id='word_1_116' title='bbox 200 1575 322 1652; x_wconf 84' lang='lat' dir='ltr'><strong>dignum</strong></span> <span class='ocrx_word' id='word_1_117' title='bbox 342 1578 395 1648; x_wconf 89' lang='lat' dir='ltr'><strong>est,</strong></span> <span class='ocrx_word' id='word_1_118' title='bbox 418 1576 510 1634; x_wconf 85' lang='lat' dir='ltr'><strong>Plinii</strong></span> <span class='ocrx_word' id='word_1_119' title='bbox 528 1575 619 1634; x_wconf 82' lang='lat' dir='ltr'><strong>verba</strong></span> <span class='ocrx_word' id='word_1_120' title='bbox 637 1578 670 1633; x_wconf 88' lang='lat' dir='ltr'><strong>in</strong></span> <span class='ocrx_word' id='word_1_121' title='bbox 688 1578 862 1634; x_wconf 88' lang='lat' dir='ltr'><strong>memoriam</strong></span> <span class='ocrx_word' id='word_1_122' title='bbox 879 1574 997 1653; x_wconf 87' lang='lat' dir='ltr'><strong>redigas</strong></span> <span class='ocrx_word' id='word_1_123' title='bbox 1016 1576 1121 1634; x_wconf 81' lang='lat' dir='ltr'><strong>velim:</strong></span> 
     </span>
     <span class='ocr_line' id='line_1_17' title="bbox 108 1659 1121 1741; baseline -0.001 -19"><span class='ocrx_word' id='word_1_124' title='bbox 108 1659 164 1722; x_wconf 77' lang='lat' dir='ltr'><strong>‘dis</strong></span> <span class='ocrx_word' id='word_1_125' title='bbox 191 1665 269 1723; x_wconf 89' lang='lat' dir='ltr'><strong>laete</strong></span> <span class='ocrx_word' id='word_1_126' title='bbox 296 1667 402 1724; x_wconf 88' lang='lat' dir='ltr'><strong>rustioi</strong></span> <span class='ocrx_word' id='word_1_127' title='bbox 428 1666 600 1739; x_wconf 88' lang='lat' dir='ltr'><strong>multaeque</strong></span> <span class='ocrx_word' id='word_1_128' title='bbox 627 1667 730 1741; x_wconf 88' lang='lat' dir='ltr'><strong>gentes</strong></span> <span class='ocrx_word' id='word_1_129' title='bbox 759 1668 788 1723; x_wconf 98' lang='lat' dir='ltr'><strong>et</strong></span> <span class='ocrx_word' id='word_1_130' title='bbox 815 1667 895 1723; x_wconf 88' lang='lat' dir='ltr'><strong>mola</strong></span> <span class='ocrx_word' id='word_1_131' title='bbox 922 1665 1013 1724; x_wconf 88' lang='lat' dir='ltr'><strong>litant</strong></span> <span class='ocrx_word' id='word_1_132' title='bbox 1040 1664 1121 1723; x_wconf 88' lang='lat' dir='ltr'><strong>salsa</strong></span> 
     </span>
     <span class='ocr_line' id='line_1_18' title="bbox 107 1753 1121 1829; baseline 0.002 -19"><span class='ocrx_word' id='word_1_133' title='bbox 107 1756 160 1828; x_wconf 91' lang='lat' dir='ltr'><strong>qui</strong></span> <span class='ocrx_word' id='word_1_134' title='bbox 177 1772 236 1813; x_wconf 88' lang='lat' dir='ltr'><strong>non</strong></span> <span class='ocrx_word' id='word_1_135' title='bbox 254 1753 365 1813; x_wconf 89' lang='lat' dir='ltr'><strong>habeut</strong></span> <span class='ocrx_word' id='word_1_136' title='bbox 383 1757 461 1828; x_wconf 86' lang='lat' dir='ltr'><strong>tura,</strong></span> <span class='ocrx_word' id='word_1_137' title='bbox 484 1773 537 1813; x_wconf 88' lang='lat' dir='ltr'><strong>neo</strong></span> <span class='ocrx_word' id='word_1_138' title='bbox 554 1754 611 1812; x_wconf 87' lang='lat' dir='ltr'><strong>ulli</strong></span> <span class='ocrx_word' id='word_1_139' title='bbox 628 1754 687 1812; x_wconf 88' lang='lat' dir='ltr'><strong>fuit</strong></span> <span class='ocrx_word' id='word_1_140' title='bbox 705 1756 779 1812; x_wconf 82' lang='lat' dir='ltr'><strong>vitio</strong></span> <span class='ocrx_word' id='word_1_141' title='bbox 798 1754 868 1813; x_wconf 89' lang='lat' dir='ltr'><strong>deos</strong></span> <span class='ocrx_word' id='word_1_142' title='bbox 888 1755 981 1813; x_wconf 87' lang='lat' dir='ltr'><strong>oolere</strong></span> <span class='ocrx_word' id='word_1_143' title='bbox 1000 1773 1121 1829; x_wconf 89' lang='lat' dir='ltr'><strong>quoquo</strong></span> 
     </span>
     <span class='ocr_line' id='line_1_19' title="bbox 106 1838 335 1919; baseline 0 -18"><span class='ocrx_word' id='word_1_144' title='bbox 106 1842 193 1901; x_wconf 93' lang='lat' dir='ltr'><strong>modo</strong></span> <span class='ocrx_word' id='word_1_145' title='bbox 216 1838 335 1919; x_wconf 87' lang='lat' dir='ltr'><strong>posset’.</strong></span> 
     </span>
    </p>
   </div>
   <div class='ocr_carea' id='block_1_3' title="bbox 172 1966 893 2045">
    <p class='ocr_par' dir='ltr' id='par_1_3' title="bbox 172 1966 893 2045">
     <span class='ocr_line' id='line_1_20' title="bbox 172 1966 893 2045; baseline 0 -20"><span class='ocrx_word' id='word_1_146' title='bbox 172 1966 288 2026; x_wconf 88' lang='lat' dir='ltr'><strong>Dabam</strong></span> <span class='ocrx_word' id='word_1_147' title='bbox 312 1968 434 2027; x_wconf 89' lang='lat' dir='ltr'><strong>Bonnae</strong></span> <span class='ocrx_word' id='word_1_148' title='bbox 457 1987 556 2028; x_wconf 90' lang='lat' dir='ltr'><strong>mense</strong></span> <span class='ocrx_word' id='word_1_149' title='bbox 579 1968 715 2045; x_wconf 88' lang='lat' dir='ltr'><strong>Augusto</strong></span> <span class='ocrx_word' id='word_1_150' title='bbox 738 1966 893 2027; x_wconf 78' lang='lat' dir='ltr'>MOMVII.</span> 
     </span>
    </p>
   </div>
   <div class='ocr_carea' id='block_1_4' title="bbox 0 0 1209 3824">
    <p class='ocr_par' dir='ltr' id='par_1_4' title="bbox 0 0 1209 3824">
     <span class='ocr_line' id='line_1_21' title="bbox 0 0 1209 3824; baseline 0 0"><span class='ocrx_word' id='word_1_151' title='bbox 0 0 1209 3824; x_wconf 95' lang='lat' dir='ltr'><strong> </strong></span> 
     </span>
    </p>
   </div>
  </div>
 </body>
</html>
