2400 3824
332 105 375 158 De
393 105 468 158 ludis
487 105 645 160 litterarum
664 109 693 160 et
711 108 853 178 magistris
1028 107 1105 161 XVII

83 266 130 319 Dc
150 266 271 320 biblioth.
291 271 347 320 test.
368 270 392 320 3.
412 269 439 319 8.
477 273 591 321 ceternrn
610 269 634 321 is
648 275 712 336 post
730 285 756 322 a.
777 268 895 339 titillo,
913 270 1028 335 fortasse
1046 271 1103 322 iarn

83 337 151 390 inde
175 338 209 390 ab
229 355 254 391 a.
275 337 523 407 dealbatione
544 339 644 392 docuit.
681 341 806 393 andrense
825 339 858 406 cf.
879 341 984 394 Planer
1003 342 1019 392 l.
1039 357 1059 393 c.
1080 347 1104 393 et

81 407 220 462 Snsemihl
237 411 264 474 2,
280 412 377 477 179sq.

160 511 192 559 13
213 505 278 575 pery'
299 507 335 574 (a.
355 510 400 573 45)
419 508 489 560 coni.
509 506 629 561 Schmidt
648 506 715 576 oan‘
737 509 772 575 (a.
792 511 839 575 25)
860 508 1026 578 Bernhardy

153 640 206 697 27.
224 638 376 712 δυνάμει).
395 640 459 698 182
472 639 511 697 B.
533 631 793 716 Ἀσκληπιάδης
808 641 984 716 Διοτίμου
1001 642 1103 719 Μυρ-

85 725 215 798 λεανός
237 719 336 807 (πόλις
354 725 386 786 δέ
404 725 464 786 ἐστι
483 727 631 799 Βιθυνίας
648 724 667 804 ἡ
687 735 744 787 νῦν
761 721 902 806 Ἀπάμεια
921 726 1101 805 καλουμένη’

83 814 117 875 τὸ
148 811 179 875 δὲ
208 813 328 876 άνωδεν
354 814 440 895 γένος
467 808 506 895 ἦν
534 809 693 897 Νικαεύς)
722 816 922 896 γραμματικός
946 815 1102 895 [μαθητὴς

79 896 290 964 Ἀπολλωνίου.
346 903 447 984 μέμονε
478 901 509 964 δὲ
542 903 589 965 ἐπὶ
618 914 671 965 τοῦ
698 899 835 967 Ἀττάλου
868 905 916 966 καὶ
944 906 1101 979 Εὐμενοῦς

82 1002 145 1052 τῶν
176 991 210 1053 ἐν
242 993 389 1077 Περγάμῳ
421 991 572 1072 βασιλέων.
627 992 737 1074 ἔγραψε
770 994 944 1071 φιλοσόφων
976 995 1101 1074 βιβλίων
1130 1012 1141 1050 5

84 1079 294 1161 dcoodarinoi]
340 1081 493 1142 ἐπαίδευσε
518 1080 622 1142 δὲκαὶ
650 1083 692 1155 είς
716 1076 829 1161 Ῥώμην
860 1083 907 1144 ἐπὶ
938 1087 1100 1162 Πομπηίου

82 1180 138 1231 τοῦ
168 1171 294 1250 μεγάλου
323 1168 389 1248 [καὶ
418 1169 450 1231 ἕν
475 1165 675 1255 Ἀλεξανδρείᾳ
703 1170 751 1232 ἐπὶ
778 1182 831 1232 τοῦ
860 1170 890 1232 δ’
915 1174 1101 1250 Πτολεμαίου

82 1258 153 1331 νέος
172 1257 331 1339 διέτριψε)
356 1258 464 1340 ἔγραψε
483 1261 583 1321 πολλά.
618 1263 704 1320 aliter
722 1281 757 1321 ac
775 1263 870 1322 Lehrs
889 1265 979 1322 oolnit
996 1263 1101 1321 Strabo

85 1352 139 1417 12,
157 1350 220 1408 566
244 1345 349 1428 ἄνδρες
373 1342 401 1408 δ’
426 1347 573 1428 ἀξιόλογοι
596 1348 669 1409 κατὰ
691 1351 828 1410 παιδείαν
850 1351 985 1430 γεγόνασι
1009 1349 1041 1410 ἓν
1066 1361 1101 1434 τῇ

82 1439 219 1521 Βιθυνίᾳ
237 1471 277 1479 -
292 1439 472 1515 Κλεοφάνης
489 1460 517 1499 τε
537 1439 632 1518 ῥήτωρ
653 1436 668 1498 δ
685 1439 876 1517 Μυρλεανὸς,
893 1433 1101 1516 Ἀσκληπιά-
1119 1459 1143 1496 ro

84 1527 103 1586 δ
109 1549 151 1603 ης
174 1548 203 1586 τε
227 1526 324 1606 ἰατρὸς
344 1524 360 1587 δ
384 1528 559 1605 Προυσιεάς.
603 1530 633 1583 in
652 1531 742 1599 plosca
757 1531 860 1584 Snidae
877 1531 946 1585 dnos
959 1533 1104 1598 scriptores

82 1610 215 1675 caninos
238 1626 291 1663 esse
313 1610 383 1664 cidit
403 1610 501 1675 Lehrs,
526 1611 660 1663 Analecta
682 1612 997 1681 pramm.(1te9imontii
1021 1614 1104 1679 1846)

78 1698 111 1749 p.
127 1685 230 1745 1-10,
253 1683 302 1748 qni
323 1682 477 1749 fraprnenta
496 1681 613 1735 addidit.
650 1682 684 1746 cf.
707 1681 805 1735 Strabo
825 1685 931 1747 3,157.
977 1683 1103 1748 Wenteel‚

83 1752 284 1822 Pauly-Wiss.
305 1752 368 1806 RE
384 1755 411 1818 2,
429 1752 568 1822 1628ί28.

160 1863 237 1910 3-6.
265 1863 333 1912 ‘l-8
352 1860 449 1912 eeclnsi
467 1875 536 1926 qnae
554 1859 647 1912 aliena
664 1866 730 1912 sant

158 1992 211 2049 28.
233 1989 290 2049 ote.
308 1993 347 2049 ad
365 1990 424 2048 Ati.
440 1995 470 2059 7,
485 1994 514 2058 2,
530 1993 551 2049 8
571 1985 688 2070 [VKal.
708 1992 777 2050 Dec.
795 1995 830 2049 nt
847 1993 903 2049 oid.
925 2011 952 2050 a.
968 1986 1101 2071 704l50]

85 2078 329 2154 Chrysippum
351 2099 430 2152 vero,
454 2100 540 2156 quem
565 2099 620 2156 ego
641 2083 763 2155 propter
781 2081 984 2138 litterularum
1003 2082 1102 2140 nescio

84 2168 161 2245 quid
184 2168 311 2226 libenter
333 2168 404 2242 ridi,
426 2169 459 2226 in
481 2169 591 2227 honore
615 2168 714 2242 habui,
738 2169 886 2228 discedere
911 2189 928 2227 a
946 2171 1101 2245 puero'in-

84 2260 199 2316 sciente
213 2259 273 2316 me!
296 2258 384 2316 mitto
399 2259 460 2316 alia
475 2277 550 2332 quae
565 2257 653 2315 audio
668 2259 772 2332 multa,
787 2259 874 2317 mitto
889 2260 983 2333 furta3
998 2260 1102 2336 fugam

82 2366 147 2406 non
174 2347 251 2420 fero,
279 2365 338 2421 qua
365 2347 439 2404 mihi
466 2347 542 2404 nihil
570 2347 667 2405 visum
691 2349 736 2404 est
759 2348 939 2406 sceleratius.
981 2349 1053 2402 iden
1070 2356 1102 2402 nt
1131 2367 1141 2405 s

81 2430 164 2482 homo
184 2429 404 2482 bibliothecarum
418 2429 526 2496 peritas
544 2445 603 2481 nna
621 2445 681 2481 οιιυι
704 2428 881 2496 Tyrannione
900 2446 918 2481 υ
939 2429 993 2483 Cic.
1012 2429 1051 2482 ad
1071 2429 1101 2498 Q.

81 2501 121 2566 fr.
142 2503 168 2565 3,
187 2503 213 2565 4,
233 2503 249 2552 5
269 2500 303 2567 (a.
326 2499 442 2568 wolon)
463 2500 595 2552 laudatar
615 2499 668 2566 (Dc
687 2500 805 2552 biblioth.
826 2507 882 2553 test.
899 2502 935 2567 9).
970 2499 1005 2564 cf.
1026 2501 1101 2553 Drn-

82 2587 183 2636 mann,
205 2571 297 2624 Gesch.
318 2571 402 2624 Bonis
421 2575 521 2636 6,115.
542 2575 638 2638 dohec.

155 2696 205 2753 29.
231 2693 288 2752 Cic.
308 2694 347 2751 od
370 2691 429 2750 Ati.
450 2696 479 2762 4,
500 2697 550 2759 11,
570 2695 592 2750 2
616 2687 662 2771 [in
683 2691 814 2752 Onmano
838 2711 864 2751 a.
887 2687 1028 2771 ecelis]
1048 2713 1101 2752 nos

81 2783 135 2841 hic
163 2800 302 2842 voramus
324 2782 442 2840 litteras
465 2801 533 2840 cum
556 2782 674 2839 homine
698 2781 836 2855 mirifico,
864 2782 908 2840 ita
936 2782 1101 2841 mehercule

82 2873 197 2945 sentio,
221 2870 405 2946 Dionysio.
445 2873 485 2929 id.
504 2872 572 2929 ibid.
595 2874 621 2938 6,
637 2873 703 2939 he
728 2865 906 2950 [Laodiceae
926 2891 952 2930 a.
970 2866 1102 2951 ldisbd]

81 2959 319 3034 Peloponnesias
339 2961 475 3018 civitates
495 2979 595 3018 omnes
618 2960 785 3019 maritimas
810 2979 872 3018 esse
895 2961 1023 3020 hominis
1043 2980 1101 3020 non

82 3067 216 3124 nequam
240 3048 290 3106 sed
314 3048 405 3106 etiam
423 3051 477 3107 tuo
496 3048 606 3108 iudicio
630 3049 757 3126 probati,
781 3049 965 3122 Dicaearchi,
989 3049 1100 3108 tabuiis
1129 3069 1140 3107 τ

82 3136 208 3197 credidi.
253 3137 279 3196 is
307 3138 410 3195 multis
440 3139 609 3196 nominibus
636 3140 667 3196 in
699 3138 909 3213 Trophoniana
940 3137 1100 3197 Chaeronis

82 3228 260 3286 narratione
290 3224 418 3285 Graecos
450 3228 482 3284 in
513 3246 546 3285 eo
577 3227 736 3302 reprendit,
767 3227 847 3302 quod
875 3247 955 3285 mare
983 3229 1102 3285 tantum

85 3315 183 3375 secuti
215 3317 285 3389 sint,
321 3333 375 3374 neo
406 3316 501 3374 ullum
537 3317 569 3373 in
606 3315 809 3392 Peloponneso
846 3317 949 3375 loanni
985 3316 1108 3391 exeipit.

85 3423 175 3479 quom
195 3404 274 3460 mihi
293 3406 399 3462 arctor
416 3407 554 3481 placeret
579 3398 708 3492 (etenim
735 3412 804 3472 erat
832 3406 1071 3492 λοτοριμάτυτος
1097 3406 1133 3460 st

71 3490 187 3555 metui
200 3490 233 3544 in
250 3489 459 3566 P010h0ssfl080
458 3489 485 3579 ),
507 3499 693 3568 admirabar
714 3509 828 3569 tamen
849 3506 884 3567 et
899 3503 962 3565 rix
976 3493 1157 3560 adtrahens
1170 3505 1190 3542 υ

106 3589 272 3632 (immutatione
283 3596 410 3645 Romanae
423 3607 571 3662 fragmenta
588 3619 629 3663 ed.
648 3623 793 3665 annrom
907 3608 935 3663 h
