2400 3824
428 191 465 245 M.
485 190 632 245 Terentius
652 191 740 245 Varro
1027 192 1090 256 301

75 381 153 437 quae
180 360 288 436 recipit
316 363 478 419 accentum.
524 364 632 418 natura
656 379 726 419 vero
749 360 904 436 prosodiae
928 362 959 418 in
983 381 1017 420 eo
1041 366 1120 434 ests
1178 413 1182 422 .

75 451 157 526 quod
176 453 230 508 aut
249 468 366 508 sursum
386 454 430 508 est
452 453 505 507 ant
523 449 673 523 deorsum3
697 469 765 508 nam
784 449 816 507 in
835 450 915 508 vocis
935 450 1094 508 altitudine

75 541 196 599 omnino
216 542 380 614 spectatur,
405 539 477 596 adeo
500 543 544 612 ut,
568 540 594 596 si
612 557 714 598 omnes
733 537 867 613 syllabae
886 539 952 614 pari
970 540 1093 616 fastigio

76 629 158 687 vocis
182 628 382 701 enuntientur,
406 627 545 704 prosodia
569 629 609 686 sit
632 627 722 686 nulla.

148 727 260 798 [Serpit]
276 728 347 794 capt.
362 727 393 779 ia
408 728 482 781 Doo.
494 744 522 795 p.
540 729 603 791 525,
620 731 654 779 18
667 740 691 780 in
705 744 798 780 accentu
808 758 834 765 —
843 741 872 780 sir
881 741 948 779 nulla
976 728 1010 793 cl.
1027 728 1094 781 Wil-

75 816 176 853 ccarcras
189 817 219 868 p.
235 803 314 866 ddsq.

150 905 242 958 lnat.
262 906 305 957 est
323 920 396 972 pros.
460 909 569 970 3quae
630 903 777 972 4probrie
797 905 916 959 Lcoaot.
980 903 1094 957 'lfasti-

75 976 125 1045 gia
143 977 213 1031 Lao.
232 975 306 1044 (-gio
325 992 399 1028 moa.
418 978 446 1043 2)

504 1145 571 1225 aaa
595 1136 665 1222 [co]

146 1272 219 1344 quot
237 1270 299 1327 sint
317 1267 473 1344 prosodiae
492 1267 649 1326 dicendum
668 1273 721 1327 est.
737 1301 778 1308 -
794 1269 1002 1327 Athenodorus
1020 1269 1094 1326 duas

77 1377 141 1417 esse
164 1358 319 1434 prosodias
342 1359 472 1432 putavit,
495 1376 586 1414 unam
609 1357 788 1431 inferiorern,
815 1359 941 1416 alteram
964 1359 1095 1434 superio-

76 1467 153 1520 rem,
183 1447 289 1506 flexam
313 1449 414 1504 autem
438 1438 522 1526 (nam
545 1446 588 1504 ita
612 1449 713 1506 nostra
737 1447 842 1524 lingua
868 1446 1095 1524 περισπωμὲνην

76 1527 265 1616 vocavimus)
285 1535 360 1593 nihil
380 1535 462 1594 aliud
482 1553 652 1611 essequam
672 1536 725 1594 has
745 1535 818 1594 duas
837 1532 874 1593 in¹
890 1555 952 1594 una
970 1536 1094 1611 syllaba.

76 1626 241 1701 Dionysius
270 1628 370 1683 autom
392 1623 560 1683 Aristarchi
588 1624 752 1700 discipulus
778 1627 973 1702 cognomento
998 1625 1096 1683 Thrax
1124 1643 1136 1682 s

77 1715 165 1773 domo
189 1714 401 1787 Alexandrius,
433 1714 459 1772 is
488 1714 540 1788 qni
567 1713 666 1771 Rhodi
693 1713 807 1788 docuit,
837 1714 1000 1788 lyricorum
1026 1733 1095 1788 poe·

77 1808 179 1862 tarum
210 1804 298 1880 longe
332 1802 579 1877 studiosissimus,
611 1805 672 1860 tres
705 1802 843 1876 tradidit,
876 1802 986 1878 quibus
1018 1822 1096 1861 nunc

77 1911 179 1951 omnes
212 1895 346 1966 utuntur,
379 1892 501 1969 βαρεῖαν
534 1887 631 1962 ὀξεῖαν
663 1887 897 1968 περισπωμένην.
944 1891 1095 1967 Tyrannio

76 2001 148 2040 vero
171 1982 339 2055 AmisenuS,
368 2000 455 2056 quem
478 1980 621 2039 Lucullus
644 1979 849 2039 Mithridatico
873 1979 950 2039 bello
975 1983 1096 2056 captum

76 2070 170 2129 Lucio
200 2071 342 2127 Murenae
372 2071 529 2142 concessit,
562 2088 579 2127 a
608 2088 666 2144 quo
696 2069 748 2127 ille
778 2069 917 2128 libertate
947 2069 1037 2128 simul
1067 2072 1096 2128 et
1111 2089 1137 2128 ro

77 2161 202 2218 civitate
218 2158 346 2218 donatus
365 2162 419 2232 est,
438 2161 580 2234 quattuor
595 2157 698 2216 scribit
717 2177 778 2217 esse
793 2157 956 2234 prosodias,
975 2159 1097 2238 βαρεῖαν

78 2244 172 2325 μέσην
197 2243 293 2320 ὀξεῖαν
318 2249 348 2306 et
372 2244 607 2326 περισπωμένην.
653 2247 739 2322 atqui
762 2249 921 2306 memoriae
944 2247 1097 2323 proditum

78 2341 125 2396 est
147 2338 226 2394 hunc
250 2340 319 2395 anto
343 2337 417 2395 alios
441 2336 531 2395 fuisse
558 2337 801 2411 pronuntiatione
821 2339 989 2412 potiorem,
1017 2337 1096 2412 quod

77 2444 270 2501 nequaquam
289 2428 406 2499 assequi
424 2425 573 2501 potuisset
590 2426 649 2483 nisi
667 2427 770 2483 tenore
786 2426 971 2503 singularum
990 2443 1096 2484 vocum

77 2515 307 2591 diligentissime
326 2513 500 2590 perquisito.
528 2513 559 2570 in
579 2514 682 2572 eadem
703 2514 841 2589 opinione
861 2517 890 2571 et
910 2514 1005 2573 Varro
1024 2515 1137 2589 fuit31s

78 2607 152 2680 quin
180 2603 259 2681 logos
284 2621 351 2662 suas
379 2603 490 2680 redigit
513 2603 551 2660 ad
575 2603 697 2661 ductum
724 2604 863 2662 scientiae
888 2606 917 2660 et
945 2603 1096 2662 doctrinae

78 2697 155 2767 eiua,
189 2712 248 2768 qua
278 2691 413 2752 omnibus
443 2711 460 2748 a
488 2710 518 2750 so
548 2692 710 2767 propositis
743 2691 978 2751 evidentissimas
1012 2691 1097 2750 affert

76 2781 279 2859 probationes,
298 2784 332 2839 ut
350 2781 382 2838 id
396 2800 515 2857 quoque
533 2800 588 2856 pro
606 2780 706 2839 media
724 2781 862 2856 prosodia
880 2782 954 2839 facit
972 2780 1096 2840 dicendo

77 2872 176 2948 ipsam
204 2874 344 2930 naturam
371 2871 447 2928 nihil
469 2871 565 2928 facere
588 2873 699 2943 totum,
729 2869 780 2928 nbi
803 2889 862 2928 non
886 2870 926 2928 sit
953 2870 1096 2944 medium3

78 2965 114 3019 ut
137 2961 216 3018 enim
239 2961 317 3017 inter
339 2959 443 3017 rudem
466 2962 496 3018 et
519 2959 676 3034 eruditum,
706 2959 785 3017 inter
808 2959 936 3017 calidum
960 2962 990 3018 ot
1012 2959 1097 3036 frigi-
1111 2979 1137 3019 so

79 3050 160 3122 dum,
184 3068 319 3108 amarum
343 3051 373 3106 et
395 3048 520 3122 dulcem,
546 3048 667 3125 longum
692 3051 722 3106 ot
744 3048 863 3106 brevem
887 3051 932 3107 est
956 3048 1098 3124 quiddam

77 3139 223 3213 medium,
252 3138 331 3214 quod
354 3140 493 3195 neutrum
516 3141 573 3212 ost,
602 3140 644 3196 sio
666 3139 746 3195 inter
773 3137 865 3195 imam
893 3156 1097 3213 summamque

78 3246 183 3287 vocem
212 3245 274 3286 esse
302 3227 444 3302 mediam,
475 3225 575 3301 ibique
604 3245 694 3302 quam
722 3228 891 3302 quaerimus
920 3227 1095 3302 prosodiam.

79 3317 229 3375 neminem
265 3316 411 3374 musicum
444 3334 520 3389 esse,
557 3317 609 3391 qui
645 3315 773 3374 mediam
809 3333 911 3373 vocem
943 3316 976 3372 in
1008 3320 1097 3374 cantu

78 3405 276 3483 ignoraverit,
305 3422 358 3463 neo
382 3423 561 3480 quemquam
584 3406 715 3480 potuisse
739 3403 835 3462 dicere
863 3406 895 3462 in
918 3422 990 3462 sono
1014 3405 1096 3462 chor·
1112 3425 1137 3465 25

81 3495 188 3552 darum
216 3497 269 3552 aut
292 3513 363 3553 voce
391 3493 533 3552 tibiarum
561 3511 664 3551 assare
692 3511 763 3551 voce
792 3495 977 3552 cantantium
1005 3489 1097 3568 μέσην

80 3601 149 3655 esse,
173 3581 199 3640 sr'
222 3602 281 3640 non
304 3583 442 3642 inomni
462 3581 542 3643 vocis
566 3585 679 3644 natura
700 3586 781 3644 esset
801 3581 959 3655 inedium,
973 3581 1118 3637 minime·
