2400 3824
128 175 196 240 290
275 173 483 229 Gmmmstioee
501 174 604 228 utatis
623 174 814 228 Vni-nonime
831 174 996 245 fragments.

101 347 182 402 saut
210 343 308 402 minns
337 350 393 402 ant
421 343 489 419 plns
519 343 646 401 tradidit
674 342 761 402 nobis
787 362 880 418 quum
908 343 993 418 qnod
1022 346 1145 421 aceepit

128 451 198 490 nam
219 433 245 490 si
263 434 330 508 quis
352 432 435 491 dicut
456 431 584 491 serimbo
602 432 683 507 qnod
705 436 752 490 est
773 431 879 507 scribo,
901 451 962 490 non
987 434 1146 510 analogiae

128 521 239 580 virtute
262 521 314 580 sed
336 525 463 579 naturae
486 521 581 596 ipsius
603 520 817 579 constitutione
839 523 1040 581 convincitur.
1079 541 1145 581 ana·

128 610 209 687 logis
237 612 381 669 sermonis
405 629 423 667 a
450 613 559 669 notura
586 610 698 684 proditi
728 609 878 668 ordinatio
908 613 954 670 est
984 611 1146 671 secundnm

127 699 277 758 technioos
300 719 396 774 neque
419 700 508 758 aliter
525 698 684 757 barbaram
702 700 839 776 lingnam
858 699 897 757 ab
915 700 1040 759 eruditu
1059 720 1145 776 quun

88 800 115 840 it
128 793 287 867 argentum
318 807 337 846 s
368 787 491 863 plumbo
523 788 672 846 dissociat
722 787 905 847 consuetudo
935 808 999 847 non
1031 789 1145 848 rationo

128 877 285 955 analogiae
313 877 364 935 sed
388 877 500 935 viribus
528 896 584 952 par
606 880 660 949 est,
690 877 759 935 ideo
781 877 879 935 solnm
904 881 1038 954 reoepm,
1070 878 1145 955 quod

127 966 290 1025 multorum
317 966 507 1024 consensione
537 966 702 1039 convaluit,
732 967 777 1024 ita
804 968 906 1024 tumen
932 969 969 1024 ut
996 967 1047 1026 illi
1076 969 1145 1027 ortis

127 1056 206 1114 ratio
225 1074 284 1114 non
303 1055 425 1114 acoedst
442 1055 494 1112 sed
512 1055 675 1132 indulgeat.
707 1073 779 1112 num
797 1073 833 1112 es
851 1055 986 1114 emedio
1003 1056 1145 1132 loquendi

129 1162 185 1202 usu
222 1145 334 1219 placito
371 1144 525 1202 adsumere
561 1145 722 1202 consuevit
776 1143 940 1203 auctolitas
976 1146 1010 1202 in
1043 1146 1146 1224 reguls

89 1244 116 1285 te
129 1232 271 1307 loquendi
292 1233 455 1292 novissime
473 1236 526 1292 est.
565 1252 691 1307 namque
714 1232 765 1290 ubi
788 1236 890 1292 omnia
907 1233 1084 1310 defeoerint,
1106 1237 1146 1294 sie

128 1321 167 1379 sd
194 1322 279 1380 illam
306 1341 394 1396 quem
421 1321 460 1379 ad
486 1321 608 1380 modum
635 1321 673 1379 od
701 1339 841 1380 uncorum
867 1321 1048 1381 decurritur.
1090 1343 1146 1383 nou

128 1409 208 1469 enim
226 1412 386 1486 quicquam
409 1414 462 1469 out
483 1413 610 1469 rationis
629 1413 682 1468 aut
699 1414 825 1469 naturae
849 1415 903 1470 aut
921 1413 1147 1472 consuetudinis

129 1499 229 1573 habet,
252 1519 318 1558 cum
341 1503 460 1558 tentum
483 1502 622 1575 opinione
646 1499 806 1558 secundnm
828 1503 965 1559 veterum
987 1501 1149 1560 lectionem

129 1591 249 1663 recepte
276 1590 317 1647 sit
343 1607 397 1646 neo
424 1591 557 1663 ipsorum
584 1592 697 1662 tamen,
729 1589 756 1646 si
782 1589 1008 1666 interrogentur
1037 1610 1091 1650 our
1118 1590 1148 1649 id

89 1689 116 1729 ¹⁰
130 1679 225 1737 secuti
247 1680 325 1752 sunt,
349 1679 513 1736 scientium„

201 1803 293 1856 Diem,
310 1807 466 1871 p.439,15
482 1817 583 1856 nuntia·
595 1834 622 1841 -
635 1817 758 1856 stimuum.
778 1803 857 1857 (ῙΙιαν.
874 1820 904 1871 p.
919 1807 965 1870 50,
979 1808 1018 1858 25
1038 1807 1151 1859 constat

130 1889 197 1943 ergo
220 1873 337 1927 Latinus
360 1890 450 1928 sermo
473 1877 575 1926 natura
593 1873 727 1942 anologio
744 1873 947 1928 consuetudine
968 1877 1148 1930 anctoritate.

129 1963 211 1999 nsmrs
224 1961 342 1999 verborum
356 1960 516 2008 nominumque
533 1959 673 1999 inmutabilis
686 1963 720 1998 est
735 1976 769 1985 -
785 1959 894 1999 sermonis
912 1971 927 1999 s
939 1965 1024 2000 menn
1042 1948 1150 2016 proditi

131 2015 271 2069 ordinatio
290 2020 333 2070 ost
350 2042 423 2079 neque
437 2032 502 2071 aliter
520 2048 554 2056 -
572 2031 710 2070 consuetudo
728 2033 784 2070 11011
802 2018 863 2070 arbe
881 2032 1001 2080 analogius
1022 2050 1056 2058 -
1076 2038 1104 2073 nt
1116 2033 1150 2074 illi

131 2087 199 2140 artis
213 2102 271 2141 netto
285 2119 319 2127 -
333 2102 453 2151 indulgeat.
473 2103 594 2142 auotoritas
606 2103 631 2141 in
643 2102 722 2151 regul·
735 2119 769 2126 -
784 2112 850 2150 quem
864 2102 894 2140 sd
906 2102 999 2142 niodum
1019 2091 1056 2143 ad
1071 2108 1150 2144 aram

131 2174 239 2212 socrum
262 2173 387 2212 decurritur
406 2190 439 2199 -
458 2175 536 2223 nasse
566 2160 679 2212 tantum
704 2159 838 2227 opinione
863 2161 1008 2212 oratorum
1033 2164 1152 2231 receptu

132 2232 188 2294 est,
216 2229 265 2297 qui
292 2230 321 2282 et
345 2229 401 2297 ipsi
427 2247 476 2282 our
500 2231 530 2282 id
556 2230 645 2283 secuti
668 2233 762 2284 essent
785 2230 809 2282 si
832 2229 953 2283 fuissent
970 2231 1152 2303 interrogati,

131 2300 238 2354 nescire
256 2300 460 2354 confiterentur.
491 2301 584 2371 Quint,
603 2306 628 2367 1,
644 2305 669 2366 6,
685 2307 700 2354 1
715 2318 804 2355 sermo
819 2303 930 2356 constet
943 2303 1056 2357 ratione
1070 2307 1149 2358 vetn-

132 2374 205 2425 etots
225 2371 393 2424 auctoritate
412 2373 621 2425 consuetudine.
647 2373 681 2438 cs.
702 2376 729 2438 9,
743 2377 769 2438 3,
783 2377 807 2426 3.
834 2373 932 2428 Victor.
944 2390 975 2442 p.
990 2379 1092 2441 1899
1110 2374 1151 2428 ls-

130 2443 230 2496 tinitos
249 2442 317 2511 quid
336 2445 397 2496 est?
416 2442 572 2496 observatio
591 2442 752 2511 incorrupte
770 2442 905 2511 loquendi
923 2445 1081 2498 seeundum
1096 2445 1150 2500 Ro·

131 2529 244 2568 manum
262 2513 398 2581 linguam.
418 2516 487 2581 quot
504 2514 595 2568 modis
614 2516 724 2568 constat
742 2513 888 2570 latinitas?
906 2515 1007 2570 tribus.
1027 2517 1151 2584 quibus?

130 2586 241 2640 ratione
260 2585 428 2639 auctoritate
447 2585 657 2640 consuetudine.
689 2586 724 2651 ef.
744 2586 826 2640 Prot.
846 2588 910 2640 inst.
928 2593 982 2641 ort.
997 2592 1092 2655 nit,
1108 2593 1151 2644 19.

131 2659 248 2727 Auqust.
272 2674 319 2710 ars
336 2674 366 2725 p.
391 2661 458 2723 494,
477 2661 501 2711 3.
548 2658 655 2711 Aeetae
676 2673 731 2711 exo.
752 2673 781 2725 p.
801 2661 870 2723 322,
888 2662 932 2712 21.
979 2661 1086 2714 Amed.
1111 2661 1149 2715 Η.

127 2745 156 2798 ρ,
178 2728 322 2782 XXXIV.
360 2729 393 2782 de
409 2744 471 2782 voce
491 2728 630 2782 ‘edumas'
647 2745 700 2796 pro
724 2728 850 2782 ‘emera'
875 2729 952 2797 apted
972 2728 1068 2798 Quint.
1109 2734 1153 2800 (ee

132 2797 327 2868 Palaemoeet)
354 2807 491 2867 usurpata
508 2801 591 2867 deque
609 2801 714 2869 triptici
728 2815 781 2867 pro
800 2800 979 2869 quadruplici
997 2802 1153 2857 latinitatis

132 2871 265 2924 ‹te'vteioee
284 2870 360 2940 apud
380 2872 540 2938 posteriores
562 2871 752 2940 qrammatieos
775 2871 809 2937 cf.
835 2871 935 2926 Usener
952 2872 1020 2926 ibid.
1036 2890 1067 2942 p.
1089 2878 1150 2929 624.

132 2943 201 2995 tetro
216 2943 235 2993 l
252 2942 295 2994 De
313 2957 390 2995 serm.
410 2943 444 2995 L.
464 2944 562 2996 tretuit
579 2943 734 2995 Witmauus
749 2959 778 3009 p.
795 2945 837 2995 79.
859 2946 921 3008 170,
947 2944 1030 2998 aliter
1049 2945 1152 3000 Usener

132 3013 198 3066 tete.
214 3029 243 3080 p.
260 3016 322 3067 624.
338 3017 398 3066 641.

205 3150 220 3197 2
240 3145 283 3198 his
303 3162 353 3200 om.
373 3147 401 3200 B
420 3173 453 3191 =
473 3148 564 3201 Paris.
586 3150 665 3212 7493,
685 3145 820 3216 Mtouoe.)
911 3152 928 3198 4
946 3149 1151 3218 nominumque

134 3216 214 3271 oeae
239 3216 418 3286 omniumque
444 3219 471 3271 A
496 3245 529 3263 =
553 3218 645 3271 Poris.
666 3221 746 3283 7494,
772 3217 810 3270 M
833 3217 959 3272 omnium
987 3236 1045 3287 qua
1071 3222 1100 3275 B
1126 3227 1150 3276 et

138 3288 293 3343 Wlmaens
312 3288 435 3342 omnium
453 3291 485 3343 iu
503 3306 554 3359 my.
573 3289 631 3344 eod.
652 3289 732 3344 Odor.
787 3287 951 3342 inmutabili
969 3307 1006 3344 ne
1025 3309 1052 3360 q.
1073 3292 1149 3347 codd.

127 3360 174 3412 est
194 3359 259 3415 add,
286 3359 367 3417 Odor.
482 3366 498 3416 6
521 3376 571 3431 pro
595 3376 627 3414 eo
651 3360 727 3428 quod
750 3360 832 3415 Otear.
942 3365 958 3414 9
982 3361 1097 3416 euaditu
1115 3362 1152 3416 Μ

114 3430 215 3487 erudit
232 3434 300 3490 AB
414 3441 448 3492 11
473 3453 542 3508 pens
563 3433 631 3488 ΑΜ
737 3436 775 3484 tt.
799 3429 975 3484 nouissimus
989 3432 1094 3498 &esio-
1113 3435 1149 3499 B)

85 3507 125 3627 ἕ)
123 3507 142 3556 6
160 3507 327 3567 enehorum
341 3512 416 3568 ΒΜ
434 3509 635 3568 onoohortsm
652 3507 679 3562 A
695 3520 777 3558 ntum
789 3517 903 3553 suom
913 3499 998 3552 Qut·
1053 3507 1095 3552 *19
1109 3503 1167 3551 tut·

120 3579 208 3636 nect
