2400 3824
429 179 466 234 M.
486 178 633 234 Terentius
652 179 741 234 Varro
1026 177 1089 243 232

142 455 160 513 l.
186 454 287 512 XXV.
333 474 398 533 ege
422 452 558 532 σπάρτα
589 455 683 531 apud
706 455 896 515 Homerum
919 455 989 515 nen
1009 457 1093 534 plus

74 546 237 620 spartum
279 543 495 622 significare
531 547 618 620 puto
656 563 759 620 quam
796 543 992 623 σπάρτους,
1033 545 1094 622 qui

74 633 246 692 dicuntur
268 633 303 691 in
328 651 414 711 agro
433 633 599 692 Thebano
623 634 709 693 nati.
746 635 783 692 in
802 632 953 696 Graecia
975 636 1095 710 sparti

75 723 181 798 copia
212 722 313 780 modo
346 723 466 798 coepit
498 741 574 782 esse
607 742 646 781 ex
674 723 862 799 Hispania.
908 741 1021 799 neque
1054 742 1094 782 ea

74 813 156 887 ipsa
175 811 355 870 facultate
375 812 431 871 usi
450 811 615 888 Liburni3
638 815 692 870 set
714 812 752 870 hi
774 813 968 888 plerasque
985 831 1121 873 navess

75 900 167 960 loris
199 900 364 974 suebant,
397 898 526 960 Graeci
558 901 672 978 magis
704 901 865 960 cannabo
897 904 931 960 et
964 905 1096 978 stuppa

76 989 282 1065 ceterisque
306 989 438 1049 sativis
462 990 580 1061 rebus,
612 1010 629 1048 a
653 989 782 1066 quibus
810 989 947 1069 σπάρτα
970 992 1095 1067 appel·

75 1077 211 1137 labant

151 1169 219 1223 Geli.
236 1173 279 1235 17,
293 1172 319 1234 3,
333 1173 350 1222 4
368 1167 441 1222 liber
459 1169 495 1222 ab
511 1185 543 1223 ee
557 1168 684 1237 prolatus
699 1200 733 1209 —
747 1167 784 1223 M.
795 1167 929 1222 Varronis
947 1168 1096 1223 vicesimus

80 1238 198 1307 quintus
216 1239 415 1309 humanarum,
438 1240 469 1292 in
492 1257 548 1307 quo
576 1240 611 1294 de
639 1239 694 1295 istc
722 1239 836 1294 Homeri
862 1240 945 1294 verbo
972 1238 1096 1311 [σπάρτα

75 1311 113 1367 11.
132 1314 244 1376 2,135:
273 1311 321 1364 καὶ
345 1310 380 1380 δὴ
404 1313 495 1379 δοῦρα
515 1308 616 1380 σέσηπε
634 1319 706 1365 νεῶν
724 1311 773 1365 καὶ
791 1310 901 1379 σπάρτα
919 1309 1059 1382 λέλυνται]
1079 1327 1097 1365 a

75 1380 203 1438 Varrone
221 1383 263 1436 ita
281 1381 417 1450 scriptum
437 1384 492 1437 est:
512 1407 555 1447 030
569 1390 663 1451 σπάρτα
676 1414 703 1423 -
717 1397 867 1445 apponamus.
888 1383 923 1450 cf.
938 1383 1013 1438 Ple'a.
1027 1399 1056 1436 a.
1071 1385 1096 1436 le.

76 1457 124 1520 19,
136 1456 182 1508 25.
200 1456 247 1519 24,
262 1457 307 1508 65.
343 1454 454 1521 Schoell
473 1461 536 1509 actu
553 1471 606 1509 soe.
621 1455 692 1523 pisel.
712 1455 791 1524 Lipc.
811 1457 915 1521 6,129.

483 1588 545 1646 151
571 1580 638 1665 [IX
657 1579 690 1665 1]

146 1692 338 1752 Numerius
349 1693 520 1768 Equitius
532 1692 670 1769 (luppes
685 1697 720 1752 et
735 1692 1098 1753 O.ManiusMacellus

77 1782 257 1858 singulari
275 1783 474 1842 latrocinio
492 1783 608 1842 multa
626 1783 706 1842 loca
723 1783 929 1842 habuerunt
951 1783 1096 1842 infesta.

76 1871 135 1929 his
149 1871 185 1928 in
200 1872 369 1930 exsilium
384 1873 477 1930 actis
491 1871 583 1930 bona
601 1871 789 1947 publicata
803 1875 899 1944 sunt,
919 1871 1023 1930 aedes
1037 1871 1099 1929 ubi

77 1958 297 2019 habitabant
325 1956 473 2019 dirutae
493 1980 583 2036 eque
607 1980 646 2019 ea
668 1960 821 2036 pecunia
849 1961 970 2020 scalae
997 1960 1098 2020 deum

77 2050 265 2124 penatium
288 2049 510 2109 aedificatae
534 2053 624 2108 sunt.
658 2050 719 2108 ubi
741 2049 961 2108 habitabant
983 2050 1125 2124 lecus,s

76 2136 142 2195 ubi
170 2140 339 2196 venirent
369 2158 422 2213 ea,
455 2158 545 2214 quas
574 2138 744 2198 vescendi
774 2157 881 2198 causa
911 2141 948 2196 in
977 2137 1100 2196 urbem

78 2229 185 2285 erant
203 2227 327 2286 allata.
351 2229 476 2303 itaque
496 2227 537 2286 ab
557 2228 673 2287 altero
692 2228 895 2302 macellum,
919 2229 960 2286 ab
980 2228 1099 2286 altero

78 2316 197 2388 ferum
220 2316 434 2393 cuppedinis
459 2318 692 2393 appellatum.

152 2405 226 2460 Dea.
249 2407 308 2460 Ter.
327 2423 389 2460 eun.
408 2410 436 2472 2,
449 2410 477 2473 2,
491 2406 547 2460 25’
572 2405 660 2460 Varro
684 2407 870 2459 humanarum
888 2421 993 2460 rerum:
1017 2418 1101 2459 uuna

76 2490 128 2531 rim
149 2491 191 2539 Eq.
214 2489 302 2539 Cuppae
328 2477 422 2545 inquil
450 2496 472 2531 et
494 2509 521 2516 -
544 2493 686 2540 appellatum.
737 2479 820 2531 Paul.
848 2477 922 2532 Fest.
947 2494 976 2545 Ρ.
1003 2479 1049 2541 48,
1065 2478 1100 2530 15

79 2563 186 2616 cuppas
206 2552 235 2602 et
254 2549 374 2617 cupedia
394 2549 505 2616 antiqui
522 2547 657 2602 lautiores
677 2548 754 2603 cibos
773 2547 971 2612 nominabant;
990 2547 1057 2600 inde
1072 2548 1101 2600 et

77 2618 228 2673 macellum
249 2619 341 2673 forum
359 2620 505 2688 cupedinis
525 2619 716 2688 appellabant.
741 2619 861 2688 cupedia
879 2620 974 2672 autem
992 2636 1009 2671 a
1024 2617 1101 2686 cupi-

78 2690 172 2744 ditate
191 2694 256 2745 sunt
275 2691 366 2758 dicta,
384 2691 441 2756 vel,
461 2691 535 2744 sicut
553 2690 641 2745 Varro
661 2691 714 2754 ait,
734 2690 809 2757 quod
828 2689 870 2743 ibi
887 2689 974 2743 fuerit
992 2686 1101 2757 (luppe-

78 2761 156 2816 dinis
175 2761 278 2829 equitis
298 2761 411 2830 demus,
435 2763 484 2830 qui
502 2761 595 2816 fluerat
618 2761 654 2816 ob
672 2761 853 2815 latrocinium
871 2761 1029 2815 damnatus.
1064 2760 1099 2826 ct.

85 2834 174 2889 Varro
189 2834 221 2887 de
237 2835 253 2888 l.
269 2834 302 2888 L.
319 2837 417 2899 5‚146.
438 2838 499 2888 147.
524 2834 607 2889 Paul.
622 2834 696 2888 Fect.
711 2850 738 2901 p.
755 2836 817 2899 125,
833 2836 858 2886 7.
878 2834 952 2888 Dee.
969 2833 1026 2886 les.
1038 2848 1099 2886 eam.

77 2909 108 2970 2,
119 2909 147 2970 2,
156 2904 216 2959 26¹.
236 2905 322 2960 Setol.
342 2905 400 2959 Ter.
415 2922 476 2960 eam
491 2909 519 2970 2,
532 2908 560 2971 2,
574 2909 619 2960 24.
633 2910 679 2960 25.
701 2905 775 2959 Non.
790 2922 821 2973 p.
837 2908 883 2970 85,
898 2909 923 2958 9.
943 2903 1046 2958 Amcd.
1062 2903 1101 2958 Η.

74 2992 107 3045 p.
121 2979 186 3042 215,
200 2981 226 3034 3.

154 3071 167 3118 1
189 3048 329 3118 dmanius
346 3067 431 3120 Vatia.
442 3066 507 3120 Lat.
518 3069 592 3121 2905
606 3065 748 3119 romanius
761 3065 846 3119 Osee.
866 3078 997 3118 romanus
1013 3063 1100 3117 Vatia.

79 3136 180 3208 Repe.
204 3137 270 3190 Lat.
289 3140 363 3190 1595
390 3144 415 3190 et
443 3141 515 3191 1496
543 3136 653 3190 Manius
682 3137 865 3192 Reitzenstein
892 3133 920 3189 Ο.
947 3134 1101 3188 Romaniuc

78 3207 237 3334 {abbdtddm
322 3213 338 3261 5
358 3207 406 3261 ubi
420 3208 485 3261 hab.
500 3210 651 3276 repetitum,
665 3208 837 3262 scribendam
854 3205 1015 3275 publicatus
1031 3207 1095 3260 coni

108 3296 158 3334 uec
201 3297 230 3333 er

461 3378 526 3436 122
557 3369 678 3455 [xxm
695 3369 727 3454 1]

127 3486 290 3559 ‚equites
312 3483 405 3558 apud
429 3486 573 3546 veteres
597 3484 797 3545 flexuntae
818 3480 1072 3545 vecanam.

139 3580 213 3634 Sere.
232 3580 309 3646 Bae.
331 3583 403 3638 Aen.
425 3590 452 3652 9,
474 3590 533 3644 603
553 3585 678 3645 flectere
698 3588 809 3647 autem
823 3581 919 3640 aenne
937 3575 1069 3637 antium
1085 3576 1164 3612 Ν·
