2400 3824
117 192 182 256 366
265 190 472 246 Grammatieae
491 191 593 245 aetatis
612 190 803 244 varronianae
821 189 982 258 fragmenta

589 363 654 418 442

181 476 277 536 Varro
300 478 391 535 refert
413 476 585 534 Pilumnum
608 476 756 551 quendam
778 477 810 532 in
834 475 925 532 Italia
947 476 1050 548 fuisse,
1080 475 1134 549 qui

114 566 265 641 pinsendis
293 567 425 641 praefuit
448 568 541 640 arvis3
570 565 648 623 unde
671 569 702 623 et
723 565 852 640 pilumni
875 567 905 622 et
927 566 1063 638 pistores.
1096 563 1133 622 ab

113 654 169 713 hoo
187 657 283 730 igitur
304 655 399 730 pilum
419 658 449 713 et
471 655 565 730 pilum
587 657 719 728 inventa,
743 654 851 730 quibus
874 653 921 711 far
939 655 1078 728 pinsitur,
1103 655 1134 710 et

114 763 148 801 ex
172 746 235 803 eius
259 746 378 803 nomine
400 747 446 802 ita
469 744 629 820 appellata.

184 843 251 897 Isld.
267 859 305 897 or.
320 846 346 908 4,
362 848 404 908 11,
420 846 437 896 5
456 844 499 896 est
517 840 592 895 enim
610 840 670 909 pila
683 857 733 894 vas
749 857 900 895 concavum
914 842 943 894 et
957 840 1132 894 medicorum

113 915 182 981 apta
206 913 281 980 usui,
307 914 337 966 in
356 930 413 982 qua
437 913 550 982 proprie
575 913 705 981 ptisanae
728 912 789 966 fieri
813 915 842 965 et
865 911 1012 980 pigmenta
1031 911 1132 965 confici

113 984 235 1054 [concidi
258 985 312 1056 op]
341 984 438 1038 solent.
476 1000 548 1039 virro
574 987 669 1037 autem
694 998 763 1038 :eren
779 1015 807 1022 -
824 999 942 1046 appensor.
978 985 1014 1049 ef.
1042 1000 1132 1051 supra

111 1060 146 1123 fr.
162 1060 225 1110 358.
246 1060 309 1110 475.
343 1058 431 1111 Varro
445 1057 478 1110 de
493 1058 509 1110 l.
525 1057 558 1110 L.
575 1059 671 1122 5,138.
705 1056 928 1124 Disciplinarum
944 1055 1022 1109 VIII
1032 1056 1132 1109 tribuit

111 1127 218 1182 uiuent
236 1143 278 1196 op.
294 1131 319 1193 3,
334 1131 396 1182 368.

183 1238 198 1285 2
217 1233 349 1302 pinsendi
367 1233 498 1302 praebuit
517 1235 606 1287 artem
625 1234 755 1288 nonnulli
772 1233 849 1288 codd.
925 1232 1051 1286 Pilumni
1071 1231 1131 1286 oul-

111 1306 185 1358 toros
205 1305 269 1372 pist.
290 1306 397 1360 Rilecll
414 1307 472 1360 coll.
493 1305 564 1359 Seru,
584 1307 654 1359 Aen.
674 1309 731 1370 9,4
823 1303 1000 1358 tinventam

567 1456 663 1514 *443

179 1573 230 1645 qui
252 1590 354 1630 versus
378 1572 453 1630 facit
474 1569 554 1648 παρὰ
577 1566 652 1648 <τὸ>
675 1575 771 1630 ποιεῖν
795 1571 893 1629 dietus
916 1575 961 1630 est
990 1569 1131 1647 ποιητής,

110 1658 220 1718 Latina
233 1661 339 1738 lingua
352 1664 445 1734 vates,
461 1660 540 1736 quod
554 1660 646 1718 verba
659 1661 862 1719 modulatione
878 1663 1026 1732 ooneotat3
1046 1661 1130 1718 viere

111 1751 190 1806 enim
219 1753 371 1808 conectere
399 1753 457 1824 est3
486 1749 564 1808 unde
592 1752 691 1807 vimen
720 1750 831 1808 dietum
860 1749 985 1826 virgulti
1013 1751 1130 1824 speeies

109 1842 139 1896 et
162 1840 219 1896 viti
242 1841 274 1896 in
296 1839 379 1897 rotis.

181 1939 256 1990 Mor.
274 1939 341 1992 Vlet.
351 1956 381 2007 p.
398 1943 442 2004 56,
457 1942 493 1992 16
511 1952 550 1999 qui
563 1969 590 1976 -
603 1953 628 1992 in
641 1952 702 1992 rous.
727 1938 838 2005 poetice
852 1939 895 1990 eet
909 1953 954 1990 ars
968 1935 1044 2004 ipsa3
1060 1951 1129 1989 nam

107 2008 201 2090 poesis
220 2011 249 2061 et
266 2025 368 2077 poema
387 2009 495 2062 distant
514 2025 555 2074 eo,
575 2008 650 2076 quod
668 2025 770 2076 poema
789 2008 888 2090 <uno>
912 2010 1024 2090 tantum
1042 2007 1128 2061 modo

108 2078 251 2132 clauditur
270 2080 401 2148 carmine,
420 2083 452 2134 ut
470 2080 618 2150 tragoedia
636 2080 681 2132 vel
698 2081 840 2149 rapsodm,
863 2081 1074 2148 poesrs'autem
1093 2095 1127 2132 ex

107 2150 235 2218 pluribus
261 2150 314 2222 [id]
341 2154 391 2219 est,
418 2168 518 2220 corpus
544 2151 635 2219 operis
661 2151 795 2214 oonfeoti,
820 2153 853 2204 ut
873 2151 940 2204 Ilias
960 2149 1075 2204 Homeri
1098 2151 1128 2203 et

106 2221 209 2275 Aeneis
228 2221 356 2292 Vergilii.
382 2223 456 2277 Don.
480 2224 538 2276 Ter.
558 2223 639 2277 andr.
654 2222 741 2292 prol³
768 2223 849 2289 ‘quas
868 2221 981 2275 fecisset
999 2221 1124 2275 fabulas'

106 2291 177 2346 bene
189 2291 334 2361 ‘fecisset’‚
344 2311 399 2348 nou
415 2293 609 2361 ‘scripsisset'3
628 2294 702 2347 unde
721 2297 750 2348 et
763 2297 864 2361 poetae
879 2309 896 2346 a
910 2292 1040 2346 faciendo
1055 2291 1127 2345 dioti

105 2365 256 2501 {anle
274 2372 324 2418 τοῦ
342 2373 442 2420 ποιεῖν.
469 2365 504 2430 of.
523 2365 615 2419 Dione.
632 2382 661 2433 p.
677 2369 739 2431 491,
755 2370 798 2420 18.
827 2367 860 2419 de
875 2367 997 2420 Vonone
1016 2371 1126 2418 aneton

178 2548 191 2595 1
212 2541 243 2595 τὸ
259 2543 323 2596 add.
338 2544 399 2597 edit.
410 2545 502 2612 pru'uo.
565 2546 673 2598 tvates
689 2543 792 2597 dicitur
806 2543 855 2611 qui
870 2543 961 2598 Paris.
1022 2547 1039 2595 4
1058 2541 1126 2596 vitis

106 2615 134 2666 et
152 2613 271 2668 viatores
291 2615 357 2668 Keil

580 2769 642 2824 444

171 2898 292 2954 posuere
317 2884 361 2940 est
384 2881 545 2939 seeundum
568 2882 732 2940 Varronem
761 2883 897 2956 quotiens
928 2881 1045 2955 aliquid
1068 2901 1125 2957 pro

104 2970 210 3026 merito
241 2973 343 3028 nostro
374 2970 573 3044 deposuimus,
604 2975 704 3046 petere
735 2990 804 3030 vero
835 2974 881 3028 est
908 2988 976 3028 oum
1006 2970 1125 3046 aliquid

103 3057 259 3115 humiliter
281 3061 312 3116 et
335 3077 401 3116 oum
424 3059 560 3133 precibus
585 3060 779 3134 postulamus,

174 3155 247 3209 Sero.
268 3157 337 3208 Aen.
357 3161 452 3222 9,192
478 3182 569 3218 ponere
582 3189 610 3196 —
623 3174 768 3220 postulamur.
808 3159 842 3224 ef.
863 3159 937 3212 Don.
960 3159 1018 3211 Ter.
1039 3159 1123 3215 andr.

101 3230 129 3291 2,
144 3230 170 3292 5,
186 3232 218 3280 11
228 3225 244 3278 ¹.
269 3228 343 3280 Non.
359 3245 389 3296 p.
405 3232 468 3294 375,
483 3233 525 3282 14.
549 3229 618 3283 Isid.
634 3231 693 3297 diff.
709 3231 778 3284 verb.
794 3233 857 3284 438.
879 3229 963 3285 0611
979 3229 1005 3283 V
1016 3233 1082 3296 556,
1098 3234 1123 3284 7.

561 3379 580 3420 ³¹⁶
591 3382 655 3438 445

76 3476 81 3483 ’
150 3512 285 3569 pronum
309 3497 481 3574 patricium
502 3497 538 3556 in
556 3479 750 3574 disoriptione
769 3497 919 3571 olussium„
938 3496 1123 3570 quemfecit

130 3624 134 3638 .
158 3581 296 3666 Tullius,
322 3589 488 3671 signifieat
510 3608 693 3669 prunorum,
712 3589 729 3645 i
744 3588 828 3645 onim
842 3587 914 3643 suut
931 3585 1092 3658 prinoipem
