2400 3824
332 192 429 246 Sevius
447 192 578 248 Nicanor.
615 192 746 247 Aurelius
766 191 876 260 Opillus
1071 192 1112 256 87

107 353 169 408 trib.
195 355 252 408 mit
279 371 304 408 a.
325 352 461 425 6201134,
488 370 539 408 cos.
562 371 588 408 a.
604 352 744 425 6191105]
771 353 936 406 damnatum
961 353 991 406 in
1016 353 1114 407 Asiam

107 444 132 479 a.
148 425 261 494 662l92
278 425 429 495 cotiraco]
453 427 564 479 secutus
582 424 690 478 ibidem
704 424 839 492 Smyrnae
859 424 998 493 simulque
1018 441 1113 479 conse-

93 495 158 550 nuit
176 497 316 568 [Rutiliae
329 503 395 565 post
413 515 438 551 a.
459 495 568 568 676l78
591 503 715 551 mortuus
737 496 795 567 est].
828 497 892 550 hirc
915 502 1036 564 tempora
1058 499 1115 564 sere

92 568 217 622 iudicari
240 575 363 638 posucrat,
389 568 422 620 oe
446 567 545 636 quibus
566 584 623 622 aori
645 575 714 623 recte
739 566 834 622 Oscao
858 569 970 635 (Ztechr.
990 567 1011 636 f.
1031 569 1112 622 Altae.

97 643 178 693 1849.
194 642 232 693 25
241 656 271 708 p.
289 641 352 708 194)
367 645 392 694 ct
405 638 513 694 Ritsctl
526 639 650 710 (Parerp.
662 656 691 707 p.
706 642 762 694 239
775 641 833 707 sp).
860 640 892 693 de
906 641 1115 694 commoratione

95 711 244 780 Mytilenis
266 727 299 765 oc
322 710 456 781 Smyrnae
479 711 555 776 facto
580 711 615 778 cf.
637 710 690 765 Cic.
712 727 766 778 pro
786 711 867 764 Boib.
886 714 941 777 28,·
968 713 1113 765 Bruttii.

98 783 161 836 Tac.
176 799 243 836 cori.
258 785 284 848 4,
294 785 336 836 43.
368 781 442 836 Oros.
458 785 531 847 5,17
548 781 672 836 Rutilius
687 797 797 850 quoquc
811 781 854 834 vir
867 782 1065 851 integerrimus
1080 814 1113 821 -—

93 852 204 921 peiurio
231 852 357 906 iudicum
385 852 587 906 condemnatus
615 855 670 917 est3
695 853 744 921 qui
766 852 913 922 Smyrnam
938 853 1115 923 conmigrans

93 924 254 978 litterarum
273 923 374 977 studiis
394 925 519 978 intentus
539 925 693 978 consenuit.

166 1008 192 1058 3.
220 1004 510 1075 Symm.ep.1‚20,2
528 1003 577 1059 scd
597 1005 642 1058 cui
661 1004 771 1058 eveniet
790 1006 840 1057 aut
857 1005 916 1057 tam
937 1003 1007 1058 felix
1031 1004 1113 1057 disci-

92 1074 177 1144 pulus
197 1077 323 1129 nuttam
345 1092 452 1129 memor
471 1074 599 1130 debitor?
635 1094 671 1129 an
690 1076 852 1145 ignoramus
870 1075 1004 1143 Magnum
1025 1075 1114 1143 illum,

93 1147 141 1200 cui
160 1163 245 1215 supra
263 1148 359 1202 votum
377 1146 490 1201 fortuna
508 1146 597 1213 fluxit,
618 1147 770 1218 Stagiritae
791 1164 840 1200 suo
859 1146 979 1200 nihilum
995 1151 1115 1200 commo-

94 1218 190 1286 dasse,
214 1217 270 1271 nisi
292 1218 360 1286 quia
378 1218 469 1273 Ennio
493 1235 527 1272 ex
545 1218 681 1273 Aetolicis
706 1217 848 1271 manubiis
873 1218 985 1286 captiva
1003 1220 1115 1271 tantum

93 1288 222 1358 chlamys
247 1289 356 1343 muneri
387 1289 454 1343 data
480 1290 608 1342 Fulvium
641 1288 801 1344 decolorat?
841 1289 916 1342 enim
939 1305 1115 1356 veronaque

93 1360 231 1416 Panaetio
240 1361 436 1416 Africanorum
450 1361 597 1427 secundus,
612 1377 703 1428 neque
714 1359 808 1428 Opilio
818 1360 942 1414 Rutilius
958 1360 1002 1414 vel
1013 1359 1115 1414 Cineae

92 1431 217 1501 Pyrrhus
233 1434 282 1486 aut
297 1432 456 1487 Metrodoro
471 1449 520 1486 suo
535 1432 715 1486 Mithridates
730 1431 863 1485 Ponticus
883 1431 1044 1486 liberalium
1059 1432 1114 1485 dis·

93 1503 263 1573 ciplinarum
281 1504 374 1572 pretia
393 1503 542 1558 solverunt.

95 1626 329 1682 SCRIPTORUM

167 1723 192 1772 4.
221 1718 293 1772 Suet.
317 1718 349 1772 de
375 1723 528 1800 qrammi
566 1717 649 1770 huius
685 1719 808 1788 [Aurelii
833 1718 928 1789 Opilii]
960 1733 1115 1788 cognomen

92 1789 123 1841 in
138 1787 280 1857 plerisque
294 1788 436 1844 indicrbus
451 1791 480 1842 et
493 1788 585 1842 titulis
599 1805 650 1858 per
663 1806 749 1842 unam
761 1788 826 1872 <L>
838 1789 963 1843 litteram
979 1789 1116 1858 scriptum

93 1860 298 1925 animadverto,
314 1876 409 1915 verum
418 1861 480 1930 ipsc
489 1861 520 1914 id
533 1877 585 1930 per
594 1861 663 1913 duas
679 1860 760 1914 effert
769 1879 799 1914 1n
813 1861 1004 1929 parastichide
1014 1860 1113 1927 libelli,

92 1932 144 1998 qui
158 1931 321 1985 inscribitur
333 1932 428 2000 pinax.
457 1933 490 1986 de
503 1933 662 1987 acrostichis
675 1933 753 2002 opud
766 1933 907 1987 Romanos
921 1934 956 1999 cf.
973 1933 1114 2002 WMoyer,

93 2003 165 2057 Aoo.
181 2004 283 2074 Boycr.
299 2004 389 2058 Alrod.
406 2008 450 2069 17,
464 2007 483 2058 2
498 2020 527 2071 p.
543 2008 606 2058 370.
643 2021 677 2058 cx
689 2005 738 2059 lioc
749 2006 849 2072 piaccc
863 2004 948 2058 iodea
963 2005 1115 2058 Plautinus

91 2076 207 2142 flammae
224 2075 333 2129 uidetur
351 2075 455 2143 (Varro
473 2076 509 2142 tr.
524 2078 580 2144 88).

166 2159 191 2208 5.
216 2154 287 2209 Suet.
297 2155 366 2209 ibid.
381 2155 539 2223 composuit
552 2155 647 2208 variae
662 2155 828 2210 eruditionis
843 2155 953 2223 aliquot
963 2155 1113 2210 volumina.

92 2229 128 2292 ot.
144 2226 180 2291 fr.
198 2231 221 2280 1.

166 2404 279 2458 Aurelii
296 2405 427 2473 reliquias
445 2405 504 2460 coll.
520 2406 620 2475 Epper,
640 2404 703 2458 Lot.
723 2422 800 2460 serm.
819 2413 868 2461 cet.
883 2407 940 2460 rell.
960 2406 1004 2459 sel.
1020 2407 1116 2473 (Poris

93 2478 176 2544 1843)
194 2493 222 2544 p.
241 2479 278 2530 27
291 2493 329 2544 oq.
350 2477 386 2542 cf.
406 2476 516 2541 nosco,
535 2476 706 2544 Spraclpliii.
727 2477 753 2529 ol.
773 2478 830 2531 Ait.
851 2481 875 2542 3,
892 2482 953 2531 150.
991 2477 1115 2530 coicerue

92 2549 128 2613 cf.
143 2548 248 2614 Oscor,
263 2547 333 2601 Aur.
351 2546 459 2616 Opilius
474 2547 500 2600 d.
518 2547 720 2601 Grammatilrer
735 2549 751 2602 l.
766 2564 787 2601 c.
803 2565 845 2602 or.
855 2551 974 2602 25-28.
1000 2547 1114 2612 Rtucht,

92 2621 209 2690 Parerq.
229 2624 254 2672 et
276 2635 366 2687 opusc.
381 2619 496 2688 poesim.
518 2618 609 2685 Goctz,
633 2619 829 2687 Pauly-Wies.
850 2619 910 2673 RE
925 2623 952 2684 2,
966 2618 1113 2688 25111176.

442 2850 478 2914 B.
502 2849 776 2916 FRAGMENTA

382 2990 564 3044 MUSARUM
583 2991 772 3046 LIBRORUM
790 2992 829 3045 IX

499 3129 516 3182 1
543 3118 576 3202 [1
600 3120 712 3203 Eoprr]

163 3233 212 3290 lib.
228 3231 255 3288 I.
292 3230 433 3290 Aurelius
449 3228 565 3306 Opillus
581 3264 623 3270 —
639 3232 806 3307 composuit
819 3234 920 3290 variae
935 3231 1113 3292 eruditionis

93 3321 213 3397 aliquot
235 3320 402 3394 volumina3
433 3339 468 3378 ex
492 3319 599 3394 quibus
623 3339 729 3378 novem
752 3320 840 3378 unius
864 3321 1003 3396 corporis,
1033 3315 1112 3399 [qui]

55 3449 58 3453 ·
93 3413 167 3487 qnia
191 3411 351 3486 scriptores
371 3428 406 3467 ac
429 3411 534 3484 poetas
553 3409 607 3467 sub
627 3409 767 3469 clientela
783 3409 944 3471 Musarum
962 3410 1135 3479 iuuioaucu„

90 3520 151 3557 non
173 3498 299 3554 absurde
321 3501 353 3554 et
372 3499 479 3556 fecisse
502 3500 534 3557 et
557 3494 797 3582 <in>scripsisse
822 3522 856 3565 sa
880 3502 930 3564 ait
952 3521 996 3562 en
1013 3511 1153 3559 numeru

77 3584 213 3638 divarum
238 3585 270 3638 ct
290 3585 506 3657 appellatione.
