2400 3824
133 162 199 226 436
281 160 488 215 Grammaticus
507 159 609 214 aetatis
628 159 820 212 varronianae
839 157 1005 228 fragmenta

134 319 364 375 SCRIPTORUM

206 415 231 463 6.
256 411 331 464 Ptin.
350 428 377 462 n.
396 410 421 462 t.
442 413 485 474 35,
501 415 534 463 11
557 409 623 462 ima
652 408 744 462 inum
767 422 892 460 amorem
911 406 1051 489 flagrasse
1071 423 1155 475 quon·

134 481 200 534 darn
222 483 308 534 testes
331 483 397 533 sunt
418 480 529 533 Atticus
552 479 602 533 ille
644 479 761 534 ‘caronis
783 477 861 532 edito
885 477 921 532 de
943 477 981 532 iis
1006 477 1153 542 volumine,

133 552 170 605 Μ.
186 551 283 605 Varro.
321 553 431 606 Atticus
448 556 544 606 auctor
567 570 583 604 a
608 551 703 605 Plinio
721 556 945 605 commemorante
962 549 997 603 ies
1016 549 1077 604 ind.
1096 549 1152 603 latr,

139 624 204 678 VII.
226 623 376 676 XXXIII.
397 622 476 676 Corn.
488 624 558 690 Nep.
570 624 627 677 Ast.
638 626 682 683 18,
696 625 713 676 5
731 619 829 690 attigit
841 619 975 689 poeticen
989 637 1105 689 qnoque
1118 651 1142 659 —

133 701 254 762 'namque
268 693 393 747 versibus
403 694 461 765 <de
472 693 538 765 iis.)
549 693 598 761 qui
612 693 716 747 honore
730 708 879 758 rerumque
892 693 1043 762 gestarum
1057 691 1152 760 ampli·

133 766 233 820 tudine
247 767 354 819 ceteros
368 764 489 818 Romani
502 764 600 833 populi
615 764 824 832 praestiterunt,
839 762 972 832 exposuit
986 762 1040 828 ita,
1056 766 1090 816 ut
1104 761 1151 814 sub

134 836 308 908 singulorum
322 835 494 904 imaginibus
504 834 580 889 iacta
593 835 833 905 magistratusque
847 851 945 888 eornm
958 851 1020 888 non
1034 834 1151 902 amplius

134 906 279 976 quaternis
298 907 426 975 quinisve
444 906 570 960 versibus
591 905 777 975 descripserit.

206 1003 230 1051 7.
254 997 361 1052 Fronto
379 1013 410 1064 p.
424 999 462 1050 20
471 996 509 1049 N.
525 1022 558 1040 =
573 995 732 1064 Lampadio
749 998 839 1049 testi
861 995 932 1062 (msa
949 1010 1015 1049 cum
1034 993 1150 1062 Lampa-

134 1070 225 1134 ds'one,
249 1069 330 1122 Aelio
355 1067 466 1132 Stsioew,
492 1066 616 1120 Stoberio
640 1067 734 1131 Erote,
761 1066 885 1122 Cornelio
910 1066 1020 1133 Nepote
1048 1066 1151 1118 Atticas

135 1142 252 1195 alimum
270 1141 434 1206 scriptorum
452 1138 539 1192 editor
556 1145 738 1203 stemmatum
756 1137 828 1206 quod
845 1137 980 1206 wercede
999 1137 1149 1206 toalopoc-

134 1211 200 1265 dum
218 1213 255 1264 sit
272 1211 315 1263 od.
334 1227 379 1279 ap.
401 1210 481 1264 Coro.
502 1210 572 1278 Nep.
592 1216 648 1263 test.
664 1212 691 1263 It

348 1425 384 1488 B.
411 1422 605 1489 ANNALIS
629 1421 939 1489 FRAGMENTUM

489 1577 506 1630 1
532 1566 647 1650 [uss
668 1566 798 1650 spec]

202 1699 251 1755 hic
277 1697 381 1756 Livius
411 1699 524 1772 primus
555 1697 689 1755 fabulum
713 1695 743 1754 Ο.
764 1694 889 1754 Claudio
913 1694 1004 1754 anci
1037 1695 1099 1756 filio
1126 1698 1151 1752 et

135 1787 175 1844 M.
191 1787 340 1845 Tuditano
359 1786 529 1845 consulibus
550 1779 772 1864 [(1.5141240]
792 1784 894 1843 docuit
908 1803 987 1843 anuo
1005 1784 1074 1861 ipso
1088 1786 1151 1842 aute

136 1896 226 1952 quum
255 1877 343 1934 natus
374 1877 420 1933 est
449 1876 578 1947 Ennius,
611 1877 679 1950 post
709 1875 834 1932 Romam
867 1872 1024 1934 conditam
1058 1877 1151 1932 autem

138 1964 375 2040 quartodecimo
395 1965 425 2022 et
444 1966 692 2040 quingentesimo,
711 1963 811 2022 uthis
831 1956 975 2041 [Atticus]
996 1964 1051 2036 ait,
1071 1981 1151 2038 quem

111 2065 122 2104 ⁶
139 2073 191 2112 uos
206 2055 370 2128 sequimur3
389 2056 434 2111 est
448 2055 527 2110 enim
546 2052 624 2110 inter
643 2052 800 2128 scriptores
815 2051 850 2110 de
869 2069 995 2109 numero
1010 2070 1152 2110 annorum

138 2145 347 2201 controversis.
394 2141 502 2200 Accius
531 2135 582 2219 [fr.
604 2136 659 2220 18]
691 2145 791 2200 autem
819 2138 894 2208 ao.
912 2139 1048 2199 Maximo
1073 2142 1152 2216 quin·

137 2235 202 2289 tum
221 2231 340 2290 consuls
361 2224 401 2309 [a.
420 2223 577 2308 545f209]
598 2234 719 2306 captum
738 2230 866 2288 Tarento
886 2228 1007 2304 scripsit
1026 2227 1153 2303 Livium,

139 2322 224 2380 annis
248 2320 328 2377 XXX
357 2321 425 2395 post
449 2338 538 2395 quam
566 2338 635 2376 eum
664 2319 796 2377 fabulam
823 2317 959 2377 docuisse
983 2320 1014 2377 et
1038 2318 1152 2377 Atticus

140 2409 243 2469 scribit
263 2413 292 2467 et
310 2428 364 2467 nos
382 2410 413 2466 in
433 2408 565 2483 antiquis
585 2409 804 2466 commentariis
822 2407 1003 2479 invenimus,
1022 2407 1153 2467 docuisse

99 2510 125 2549 10
140 2502 242 2557 autem
260 2497 393 2556 fabulam
412 2498 497 2555 annis
516 2499 585 2572 post
603 2496 646 2554 XI
669 2495 700 2554 0.
721 2495 857 2556 Cornelio
881 2495 914 2565 Q.
933 2495 1072 2557 Minucio
1090 2514 1153 2555 con·

138 2588 252 2648 sulibus
291 2582 332 2666 [a.
358 2587 423 2645 556
425 2578 440 2666 s
444 2580 522 2665 198]
559 2586 639 2644 ludis
676 2585 859 2659 Iuventatis,
889 2603 971 2665 ‘quos
1005 2584 1154 2644 Salinator

137 2677 262 2736 Senensi
290 2676 403 2752 proelio
427 2677 558 2734 voverat.
604 2676 636 2732 in
664 2693 723 2750 quo
751 2677 853 2733 tantus
881 2691 964 2732 error
988 2673 1065 2733 Acci
1091 2675 1154 2745 fuit,

133 2767 242 2826 uthis
266 2765 440 2824 consulibus
463 2764 573 2822 XXXX
596 2782 689 2823 anuos
718 2767 806 2822 natus
830 2763 945 2821 Ennius
972 2763 1082 2838 fuerit3
1112 2763 1155 2822 cui

136 2857 165 2914 si
196 2855 330 2930 aequalis
360 2855 452 2913 fuerit
481 2852 598 2927 Livius,
630 2853 727 2911 minor
756 2853 815 2910 fuit
845 2852 1003 2926 aliquanto
1033 2854 1076 2927 is,
1107 2851 1155 2928 qui

98 2955 124 2998 15
139 2946 254 3021 primus
273 2943 407 3002 fabulam
426 2942 508 3000 dedit
527 2961 617 3018 quam
640 2943 671 3015 ii,
696 2944 748 3016 qui
767 2941 879 2999 multas
903 2940 1072 3000 docuerant
1090 2944 1156 3001 ante

137 3035 192 3093 hos
216 3033 361 3107 consules,
384 3034 414 3090 st
437 3031 562 3090 Plautus
587 3035 617 3089 ct
639 3030 779 3089 Naevius.

210 3150 263 3204 Cic.
284 3149 365 3203 Brut.
387 3153 423 3202 72
448 3146 528 3216 atqui
551 3161 588 3202 hio
606 3129 683 3201 Livius
702 3178 728 3186 -
746 3164 769 3201 et
786 3159 890 3200 Naevius
927 3142 999 3200 haee
1023 3146 1048 3200 si
1068 3147 1159 3200 minua

138 3223 207 3290 apta
224 3220 355 3274 videntur
372 3219 438 3273 huic
458 3218 587 3285 sermoni,
606 3217 700 3284 Brute,
720 3217 815 3271 Attico
834 3215 961 3286 adsigna,
984 3216 1035 3286 qui
1053 3235 1101 3273 me
1119 3217 1159 3272 in·

138 3292 291 3415 flammagit
309 3290 404 3345 studio
423 3289 585 3343 inlustrium
608 3289 753 3342 hominum
773 3290 881 3342 aetates
901 3288 930 3341 et
947 3289 1081 3358 tempora
1099 3307 1160 3359 per·

139 3379 245 3434 sequen
266 3381 284 3416 1.
979 3375 982 3379 ·

204 3497 239 3550 13
268 3490 316 3549 cui
344 3491 370 3549 si
400 3507 464 3563 aeq.
493 3489 561 3546 edit.
586 3486 678 3557 prius.
701 3483 780 3549 quod
796 3497 859 3546 usq
874 3482 996 3544 μαψ
1013 3486 1112 3546 oseas,
1130 3448 1168 3546 et„

117 3567 244 3640 cauom,
263 3569 391 3644 Parerq.
407 3585 439 3640 p.
458 3568 542 3634 ossq.
902 3577 905 3583 ·
