2400 3824
481 193 510 246 L.
530 192 627 246 Aelius
647 191 717 246 Stilo
1064 193 1107 257 55

85 369 156 405 nam
178 354 206 405 et
229 352 318 420 ipsius
341 352 455 406 Homeri
478 352 606 421 proprios
631 355 659 405 et
682 369 739 405 non
763 369 795 406 eo
818 353 917 423 dignos
938 341 1036 407 cariem
1054 354 1108 407 hac

84 425 158 477 nota
176 424 404 477 condemnarunt.

165 501 201 570 ·,)'<·
222 503 386 558 asteriscum
412 503 614 571 Aristophanes
641 504 801 572 apponebat
826 504 884 558 illis
910 504 979 559 locis
1005 504 1107 571 quibus

85 591 187 630 sensns
207 576 324 643 deesset,
344 575 522 628 Aristarchus
541 578 635 629 autern
654 575 691 628 ad
710 591 766 642 eos,
785 577 834 643 qui
850 577 880 629 in
895 575 948 630 hoc
961 578 1031 644 puta
1046 575 1107 630 looo
1122 585 1148 624 11

85 647 177 716 positi
195 649 283 712 erant,
303 664 366 700 cnm
385 645 449 700 aliis
465 646 573 700 scilicet
587 664 643 700 nou
657 649 734 700 recte
748 650 925 715 ponerentur.
959 648 1028 700 item
1042 647 1108 700 Pro-

85 718 142 772 bus
162 721 191 773 et
209 717 319 785 antiqui
338 719 434 772 nostri.

168 799 202 863 ·)'(·
215 831 248 838 -
269 798 418 852 asteriscus
445 815 508 851 cum
533 797 614 852 obelo
639 799 753 867 propria
778 801 846 852 nota
874 801 916 852 est
944 799 1107 852 Aristarchi.

85 870 223 924 utebatur
248 872 342 924 antem
367 886 401 923 ea
425 869 456 922 in
481 869 525 923 his
550 869 684 936 versibus,
711 870 759 936 qni
784 888 841 924 non
864 887 913 923 suo
937 870 999 924 loco
1022 870 1108 938 positi

85 943 179 996 erant.
212 942 281 995 item
299 940 410 1008 antiqui
428 941 517 994 nostri
536 943 564 994 et
583 941 697 995 Probus.
1123 960 1149 999 30

161 1026 195 1074 ὃ
206 1020 324 1089 simplex
338 1021 438 1074 ductus
452 1021 527 1074 inter
536 1037 629 1074 versus
644 1020 801 1089 ponebatur
810 1022 846 1074 ad
856 1021 1027 1090 separandas
1036 1037 1080 1075 res
1091 1039 1107 1074 a

84 1092 181 1157 rebus,
196 1108 269 1160 quae
282 1092 435 1146 inconexae
449 1095 599 1159 currerent,
614 1108 697 1160 quem
712 1093 748 1145 ad
762 1093 876 1146 modum
886 1092 958 1166 <11>
970 1092 1107 1163 catalogo,

86 1181 155 1218 cum
173 1163 236 1218 loca
251 1182 267 1217 a
281 1162 350 1217 locis
370 1167 419 1217 ant
434 1164 583 1236 <regiones
598 1163 636 1235 a>
651 1163 812 1234 regionibus
827 1166 855 1218 et
872 1165 901 1217 in
921 1181 1010 1234 agone
1029 1181 1109 1232 prae-

85 1235 148 1289 mia
167 1253 184 1288 a
202 1235 343 1303 praemiis,
367 1236 522 1289 certamina
540 1253 557 1289 a
576 1235 692 1288 diversis
712 1235 911 1288 certaminibus
936 1238 1108 1305 separantur.

161 1329 196 1392 >
216 1323 312 1392 diplen
331 1323 518 1392 aperietikton
535 1324 642 1392 primus
660 1324 799 1392 Leagoras
815 1324 1005 1391 Syracusanus
1024 1341 1110 1393 appo·
1124 1329 1150 1368 ³5

89 1394 151 1449 suit
160 1394 316 1448 Homericis
325 1394 452 1448 versibus
468 1394 504 1447 ad
519 1395 725 1464 separationem
736 1394 849 1464 Olympi
864 1412 881 1448 a
896 1396 982 1462 caele,
997 1397 1110 1465 proprie

84 1466 242 1536 Olympum
266 1465 301 1520 ab
325 1483 358 1520 eo
381 1484 431 1534 pro
454 1469 550 1520 monte
572 1466 696 1534 positum
720 1467 871 1534 adnotans,
898 1484 1036 1535 nusquam
1058 1483 1110 1535 pro

85 1537 179 1605 caelo,
202 1539 278 1605 qnod
302 1554 385 1605 saepe
412 1537 535 1605 οὐρανὸν
559 1538 643 1606 εὐρύν
670 1538 747 1591 dicat
771 1540 799 1591 et
825 1535 933 1606 μακρὸν
951 1535 1110 1608 Ὄλυμπον,

86 1625 217 1676 nequeo
237 1610 377 1663 contrario
401 1609 528 1676 epitheta
552 1612 701 1677 permutet.
738 1609 863 1677 ponebat
882 1613 976 1663 autem
995 1612 1054 1663 tam
1074 1610 1110 1663 ad

86 1680 195 1734 montis
218 1679 438 1750 significationes
463 1696 549 1747 qnam
572 1679 609 1733 ad
633 1680 717 1734 caeli:
746 1680 887 1748 utrimque
913 1680 1151 1735 1111111111111141

85 1751 222 1806 voluntas
245 1751 314 1806 eius.
355 1769 422 1804 usus
446 1754 475 1805 et
497 1751 528 1804 in
549 1751 646 1804 multis
669 1751 862 1818 Aristarchus,
888 1769 962 1805 nunc
981 1768 1015 1805 ea
1038 1768 1110 1820 quae

84 1824 204 1894 praeter
222 1822 453 1877 consuetudinem
476 1824 536 1876 tam
559 1821 633 1876 vitae
657 1825 770 1876 nostrae
789 1839 874 1891 quam
897 1822 986 1891 ipsius
1009 1826 1111 1892 poetae

86 1893 168 1964 apud
188 1911 252 1948 eum
270 1893 462 1948 invenirentur
480 1893 628 1958 adnotans,
652 1912 726 1947 nunc
744 1894 872 1963 proprias
891 1894 980 1963 ipsius
999 1895 1111 1964 figuras,

85 1964 234 2019 interdum
249 1982 282 2019 ea
296 1965 326 2018 in
340 1964 442 2032 quibus
458 1965 586 2034 copiosus
597 1967 648 2032 est,
662 1982 756 2018 rursus
771 1981 844 2033 quae
859 1965 945 2019 semel
961 1966 1036 2034 apud
1049 1982 1111 2019 eum

85 2038 271 2107 ponerentur.
309 2035 438 2090 similiter
457 2036 487 2088 in
505 2036 608 2090 nostris
628 2037 790 2090 auctoribus
809 2036 923 2090 Probus.
1125 2049 1152 2089 45

162 2127 198 2194 1}
215 2125 291 2194 diple
304 2125 522 2194 perientigmene
537 2126 731 2194 apponebatur
745 2125 797 2198 <11
811 2126 886 2197 his),
900 2142 973 2193 quae
987 2125 1110 2180 Zenodo-

84 2201 137 2252 tus
160 2196 300 2264 Ephesius
322 2213 378 2250 non
401 2199 477 2250 recte
500 2197 642 2250 adiecerat
666 2201 715 2250 aut
741 2199 901 2251 detraxerat
927 2199 976 2251 aut
1001 2215 1112 2265 permu-

84 2271 210 2322 taverat.
244 2268 285 2339 [in
303 2268 360 2340 his]
380 2271 409 2321 et
426 2268 516 2322 nostri
535 2269 631 2322 causi
651 2271 723 2323 sunt.

163 2367 183 2420 ο
203 2356 357 2427 antisigma
379 2358 537 2426 ponebatur
561 2357 598 2411 ad
622 2373 668 2411 eos
693 2373 800 2424 versus,
824 2374 941 2425 quorum
965 2358 1032 2411 ordo
1051 2375 1113 2426 per-

85 2429 245 2483 mutandus
265 2431 333 2482 erat.
363 2429 404 2482 sic
422 2432 452 2482 et
470 2429 500 2481 in
518 2429 622 2483 nostris
641 2429 802 2482 auctoribus
821 2427 969 2482 invenitur.
1128 2433 1154 2473 ⁵⁰

164 2512 184 2580 ὁ
209 2508 361 2579 antisigma
385 2526 448 2562 oum
470 2511 575 2578 puncto
594 2509 764 2577 ponebatur,
790 2525 853 2562 cum
872 2510 996 2562 eiusdem
1016 2525 1113 2563 sensns

84 2597 187 2635 versus
211 2579 338 2649 duplices
362 2583 456 2634 essent
475 2583 504 2634 et
523 2579 713 2646 dubitaretur,
737 2581 786 2648 qui
804 2580 899 2648 potius
917 2580 1039 2648 legendi.
1074 2582 1113 2634 sic

86 2655 120 2708 et
137 2652 214 2721 apud
232 2654 350 2706 nostros.

162 2726 186 2795 1
209 2740 318 2794 coronis
336 2743 449 2795 tantum
467 2739 498 2794 in
517 2741 571 2795 fine
590 2739 657 2794 libri
675 2740 770 2809 posita
788 2740 936 2793 invenitur.

164 2823 189 2876 >A
208 2821 370 2875 ceraunium
392 2819 519 2889 ponitur,
544 2821 674 2888 quotiens
697 2821 780 2874 multi
804 2837 900 2875 versus
920 2821 1113 2890 inprobantur,
1129 2824 1154 2864 55

84 2910 127 2949 ne
147 2909 199 2962 per
218 2893 344 2962 singulos
364 2892 519 2946 obelantur.

175 2974 209 3040 Ε
228 2989 325 3026 aversa
344 2972 514 3026 obelismene
528 2977 546 3040 †
560 2973 591 3026 in
616 2989 663 3026 ore
691 2973 817 3041 ponitur,
844 2989 916 3039 qnae
943 2973 979 3025 ad
1006 2972 1115 3040 aliquid

83 3044 255 3113 respiciunt,
275 3045 307 3096 ut
326 3044 419 3114 [Verp.
440 3047 509 3098 Aea.
528 3050 571 3112 10,
585 3045 635 3115 88]
656 3045 754 3099 ‘nosne
773 3044 827 3097 tibi
845 3043 933 3097 fluxas
952 3044 1112 3113 Phrygiae.'

164 3145 201 3172 -'—
220 3132 317 3187 obelus
337 3149 400 3186 curn
418 3135 523 3201 puncto
539 3134 631 3199 adea,
652 3134 686 3187 de
702 3133 804 3200 quibus
820 3133 974 3199 dubitatur,
989 3132 1052 3187 tolli
1068 3135 1115 3187 de-

85 3207 181 3260 beant
198 3221 294 3258 necne.
1129 3223 1155 3263 ⁶0

164 3289 251 3354 >-ν
268 3283 345 3352 diple
378 3283 548 3338 obelismene
583 3285 619 3337 ad
650 3285 820 3352 separandas
848 3282 878 3335 in
907 3284 1058 3338 comoediis
1086 3287 1116 3338 et

84 3355 250 3427 tragoediis
268 3355 407 3424 periodos.

166 3468 200 3476 -
211 3439 246 3502 <
265 3451 369 3500 aversa,
389 3437 518 3502 quotiens
536 3436 670 3507 strophae
691 3435 890 3508 antistrophos
907 3434 1048 3490 inicitur.

151 3513 286 3590 §diple
302 3539 423 3590 superne
442 3525 560 3583 obelata
577 3529 702 3600 ponitur
722 3531 765 3587 ad
784 3528 1002 3588 condicionem
1016 3524 1165 3577 locorum

72 3592 120 3646 rel
138 3593 293 3655 temporum
315 3593 361 3645 vel
375 3611 571 3663 personarum
593 3607 760 3664 mutatam,
