2400 3824
124 171 191 236 574
290 170 497 225 Grammaticae
515 171 617 226 aetat'm
636 171 801 241 Augusteae
815 171 975 240 fragmenta

124 330 294 401 Vergilium:
316 332 412 386 ‘ordea
430 332 479 400 qui
498 331 579 398 dixit,
608 333 735 401 superest
762 334 794 384 ut
816 331 913 385 tritico
936 330 1042 398 dicat'3
1072 333 1148 387 Sero.

125 403 201 457 Dori.
221 407 360 474 9.1,210
388 420 455 457 sane
477 404 661 472 reprehensus
679 402 820 472 Vergilius
845 403 948 456 dicitur
968 420 985 455 a
1004 403 1095 456 Bavio
1121 406 1149 456 et

125 473 215 527 Mevio
234 475 288 528 hoc
305 491 399 528 versu:
425 475 541 528 ‘hordea
559 475 608 542 qui
628 475 707 542 dixit,
732 477 858 543 superest
876 477 908 527 ut
926 474 1026 527 tritica
1045 474 1146 528 dicat’.

125 547 158 599 dc
179 546 263 600 buius
285 563 377 601 ocreas
400 553 508 600 auctore
531 547 624 601 omnio
647 548 751 600 incerto
775 553 855 612 surm
880 563 965 614 aequo
991 548 1066 600 enim
1092 546 1148 612 fide

126 617 242 688 dionem
260 619 444 672 testimouium
462 618 551 672 Servii
563 625 602 672 est
619 619 668 687 qai
685 635 746 672 eom
769 619 875 671 dicebas
892 619 983 686 poetis
1007 619 1148 671 communi

126 689 255 757 opinione
272 688 359 754 froas
377 689 486 755 tribuit,
509 705 594 757 aequo
611 689 765 758 suspicione
785 689 930 743 Gledoaios
948 695 1044 755 cocat,
1067 691 1148 744 bocio

126 760 157 812 ia
176 761 273 814 littoris
292 761 405 814 Latinis
419 777 509 828 pocae
527 761 659 815 indoctas.

306 1076 381 1157 EX
412 1072 758 1158 INOERTORUM
789 1071 968 1158 LIBRIS

448 1275 497 1327 AD
518 1275 576 1328 ms
599 1274 823 1329 PONTIFIGUM

624 1431 641 1484 1

196 1534 228 1591 id
252 1535 395 1608 scriptum
419 1533 586 1590 invenimus
608 1535 640 1590 in
664 1535 884 1591 commentariis
908 1532 1088 1607 quibusdam
1110 1532 1146 1590 ad

129 1624 176 1681 ius
195 1622 370 1698 pontificum
388 1622 606 1696 pertinentibus
624 1621 764 1681 bidenues
783 1622 880 1697 primo
895 1621 991 1681 dictas
1006 1621 1026 1678 d
1045 1622 1147 1680 littera

129 1713 254 1771 inmissa
273 1713 360 1785 quasi
382 1711 512 1784 biennes,
535 1713 600 1768 tum
618 1712 707 1788 longo
731 1729 786 1768 usu
809 1710 950 1784 loquendi
975 1713 1144 1786 corruptam

131 1820 235 1860 vocem
258 1819 320 1859 esse
342 1803 372 1858 et
396 1819 430 1857 ex
452 1799 629 1858 bidennibus
651 1799 786 1858 bidentes
803 1801 926 1874 factum,
950 1801 1096 1874 quoniam
1118 1798 1148 1856 id

105 1890 289 1949 svidebetur
312 1907 374 1948 esse
398 1889 480 1946 dictu
502 1888 621 1948 facilius
644 1889 806 1963 leniusque.

206 1988 272 2043 Geli.
293 1991 428 2053 16,6,13
454 2001 479 2040 id
497 2001 603 2048 scriptum
621 2019 648 2026 -
666 2002 787 2049 leniusque.
824 1989 857 2053 Cf.
878 1988 944 2056 Niy.
965 1987 1032 2056 Fiq.
1051 1987 1089 2052 fl‘.
1105 1991 1147 2040 39.

131 2059 239 2130 quie.
253 2060 289 2124 fr.
306 2063 330 2113 3.
359 2061 385 2112 si
402 2060 475 2124 boec,
494 2065 526 2112 ab
543 2060 599 2113 ocri
618 2060 749 2112 dissimile
766 2076 823 2112 aea
838 2065 875 2112 est
889 2061 933 2126 (cf.
950 2059 1148 2123 Krctzscbmer‚

131 2131 164 2184 do
185 2132 252 2185 Geli.
271 2130 341 2195 font.
356 2147 386 2197 p.
408 2132 463 2196 68),
482 2147 534 2198 per
552 2131 698 2199 quinom
717 2132 748 2184 ia
769 2130 887 2184 Gelliam
904 2131 1059 2196 deicerent,
1079 2146 1147 2184 cone

132 2203 261 2256 macarii·
285 2203 401 2268 80110101
426 2206 475 2254 oct
498 2202 596 2255 Ateius
620 2201 717 2269 Capito
743 2208 792 2255 oct
814 2202 955 2255 Antistius
977 2201 1073 2255 Labeo
1098 2218 1149 2255 csse

129 2275 228 2341 potuit.

456 2412 505 2465 EX
523 2412 689 2467 INCERTIS
708 2413 823 2467 LIBRIS

201 2667 313 2732 ‘amici’
333 2673 432 2748 inquit
453 2666 649 2750 [Favorinus]
670 2667 902 2746 ‘familiaresque
921 2671 953 2729 P.
969 2671 1100 2748 Vergilii
1118 2671 1149 2728 in

132 2763 190 2837 his,
209 2762 334 2838 quaeda
352 2764 473 2839 ingenio
491 2761 681 2836 moribusque
695 2761 757 2819 eius
771 2761 931 2818 memoriae
950 2760 1151 2834 tradidenmt,

133 2851 229 2910 dicere
258 2871 325 2909 eum
353 2851 474 2911 solitum
502 2851 603 2908 ferunt
630 2869 735 2926 parere
763 2869 793 2908 se
816 2868 917 2909 versus
945 2868 1027 2908 more
1057 2852 1150 2926 atque

132 2942 194 2999 ritu
221 2941 330 2998 ursino.
383 2959 511 3015 namque
538 2943 572 2998 ut
599 2939 653 2996 illa
680 2939 776 2998 bestia
802 2938 897 2997 fetum
925 2939 1024 2996 ederet
1052 2938 1150 2996 ineffi-

107 3029 248 3106 egiatum
267 3029 482 3104 informemque
501 3029 716 3103 lambendoque
734 3028 766 3085 id
786 3031 899 3103 postea,
923 3027 1002 3102 quod
1023 3027 1071 3085 ita
1089 3028 1151 3085 edi·

134 3119 234 3192 disset,
257 3119 456 3177 conformaret
474 3120 504 3176 et
525 3117 658 3194 fingeret,
681 3117 806 3192 proinde
826 3117 938 3194 ingenii
961 3135 1083 3192 quoque
1102 3118 1152 3174 sui

134 3209 237 3282 partus
266 3211 398 3266 recentes
426 3207 493 3265 rudi
521 3225 584 3266 esse
613 3208 690 3264 faeie
718 3209 748 3264 01
774 3206 953 3281 inperfecta,
984 3204 1035 3262 sed
1066 3205 1151 3263 dein-

135 3291 202 3370 ceps
229 3296 386 3354 tractando
417 3295 597 3371 colendoque
627 3295 747 3354 reddere
774 3296 813 3353 iis
840 3313 871 3353 se
900 3296 960 3352 oris
988 3296 1018 3352 et
1045 3295 1151 3353 vultus

134 3383 318 3443 liniamenta.
364 3386 420 3444 hoc
442 3387 540 3443 virum
563 3384 666 3442 iudicii
690 3384 878 3442 subtilissimi
905 3384 1032 3460 ingenue
1056 3384 1151 3459 atque

57 3490 202 3600 qqre
229 3474 337 3533 dixisse
365 3469 423 3533 res’
451 3474 550 3548 inquit
578 3469 731 3532 ‘indicium
758 3473 839 3532 facit.
886 3491 956 3530 nam
979 3489 1056 3547 quae
1078 3472 1150 3530 reli-

168 3564 195 3625 it
215 3566 355 3646 perfecta
375 3565 569 3646 expolitaque
592 3561 757 3640 quibusque
776 3563 910 3637 inqcsuit
928 3578 1033 3621 census
1056 3563 1150 3638 atque
