2400 3824
337 203 346 218 ·
431 181 467 234 M.
487 180 633 235 Terentius
656 181 740 237 Varro
1027 183 1092 248 303

74 349 175 423 potius
204 367 295 424 quarn
324 368 458 426 gravem,
489 350 568 424 quod
596 369 631 408 ea
658 351 780 426 propius
811 346 1010 428 utra<m>que
1038 356 1091 426 est,
1120 368 1147 409 es

76 456 168 512 quam
190 438 245 496 illa
269 439 405 513 superior
427 442 458 496 et
480 439 604 497 inferior
626 439 705 498 inter
728 458 767 498 sc.
791 472 835 480 -
857 441 1027 514 prosodiam
1050 441 1092 499 ibi

76 544 138 585 esse
172 526 309 600 dicimus,
345 527 397 585 ubi
429 531 482 586 aut
515 546 631 588 sursum
664 531 709 587 est
741 531 794 586 aut
825 528 969 588 deorsum.
1017 549 1093 605 quae

75 614 230 674 demissior
254 619 299 674 est
323 609 428 695 [quae]
453 635 471 674 a
493 616 630 692 pluribus
660 617 764 697 βαρεῖα
787 618 958 692 appellatur
980 637 1093 696 graece,

74 705 169 763 latine
195 722 264 764 vero
288 705 398 782 gravis,
421 705 488 764 ideo
508 706 587 781 quod
606 707 741 765 deorsum
769 709 814 765 est
836 709 868 764 in
892 707 959 766 sede
981 707 1093 766 scilicet

74 794 240 870 ponderum
268 794 447 871 graviorum.
494 799 527 853 at
553 814 620 854 eam
645 814 721 872 quac
749 811 866 855 sursum
894 799 939 854 est
963 795 1092 856 Glaucus
1121 813 1147 853 το

74 879 292 959 ἐπιτεταμένην,
323 885 396 942 item
429 885 505 943 alius
539 884 635 959 aliter,
667 885 719 943 sed
750 905 837 945 nemo
870 885 966 943 adhuc
997 885 1093 944 levem

74 973 206 1046 vocavit,
225 973 361 1047 quamvis
375 972 407 1031 id
421 977 485 1032 erat
504 975 591 1051 gravi
605 976 800 1048 contrarium,
819 993 921 1033 verum
937 993 971 1032 ea
986 993 1090 1033 nomon

75 1061 193 1119 obtinet
215 1057 321 1135 ὀξεῖαν,
347 1061 440 1121 latine
460 1057 628 1139 acuta<m>,
652 1062 719 1122 ideo
738 1063 818 1138 quod
841 1063 939 1122 tenuis
958 1066 988 1122 et
1007 1081 1093 1122 omne

76 1153 197 1208 acutum
224 1154 320 1209 tenue.
372 1151 450 1209 inter
477 1152 530 1210 has
559 1161 604 1210 est
636 1148 722 1228 μέση,
757 1152 850 1211 latine
878 1153 988 1227 media,
1020 1152 1090 1227 quia

74 1239 160 1298 limes
175 1242 220 1297 est
237 1259 291 1314 per
305 1258 392 1314 quem
412 1240 487 1299 duae
506 1259 597 1316 supra
611 1241 708 1298 dictae
722 1241 802 1300 ultro
817 1243 952 1315 citroque
967 1260 1091 1300 comme·
1120 1256 1146 1298 rs

76 1330 137 1386 ant.
176 1330 302 1403 quartae
320 1328 389 1387 illas
411 1331 610 1408 coniungenti,
635 1331 706 1404 quia
723 1330 829 1391 ceteris
852 1331 1020 1406 perplexior
1039 1334 1092 1405 est,

74 1418 162 1492 plura
177 1420 247 1476 sunt
260 1417 414 1476 vocabula.
447 1418 623 1477 Ammonius
635 1419 844 1493 Alexandrius,
859 1423 911 1494 qui
925 1419 1092 1478 Aristarchi

76 1506 195 1565 scholae
214 1508 364 1580 successit,
387 1503 537 1586 ὀξύβαρνν
555 1510 650 1583 vocat,
671 1507 808 1583 Ephorus
827 1511 927 1567 autem
947 1507 1091 1584 Cymaeus

74 1594 260 1673 περίστασιν,
279 1595 442 1670 Dionysius
458 1594 614 1672 Olympius
630 1596 756 1671 δίτονον,
774 1597 982 1656 Hermocrates
996 1597 1092 1656 Iasius

76 1684 270 1761 σύμπλεκτον,
295 1685 490 1760 Epicharmus
508 1685 682 1761 Syracusius
700 1683 913 1762 malaspinam
936 1706 1039 1744 verum
1058 1705 1092 1744 ea
1120 1704 1147 1744 eo

74 1792 154 1831 nunc
178 1773 215 1830 ab
246 1773 382 1832 omnibus
410 1772 616 1852 περισπωμὲνη
645 1793 748 1852 graece
776 1778 908 1850 vocatur,
936 1776 1016 1850 apud
1038 1794 1092 1834 nos

75 1861 165 1928 flexa,
196 1862 338 1937 quoniam
365 1864 462 1938 primo
491 1867 589 1922 crecta
614 1881 716 1922 rursus
743 1865 775 1922 in
804 1883 925 1940 gravem
954 1863 1091 1922 flectitur.

76 1954 167 2009 acuta
190 1951 295 2009 exilior
325 1954 355 2010 st
384 1951 502 2011 brevior
532 1954 562 2010 et
584 1955 666 2012 omni
691 1953 778 2010 modo
801 1955 898 2011 minor
928 1956 973 2011 est
1002 1972 1092 2027 quam

75 2041 191 2118 gravia,
219 2044 254 2098 ut
281 2042 326 2098 est
353 2041 440 2099 facile
465 2061 499 2099 ex
522 2044 635 2100 musica
663 2060 850 2118 cognoscere,
881 2044 965 2100 cuius
992 2044 1091 2119 imago

75 2129 223 2205 prosodia.
261 2148 331 2187 nam
356 2132 440 2189 etin
463 2130 578 2190 cithara
601 2131 740 2205 omnique
763 2131 904 2206 psalterio
925 2149 983 2205 quo
1003 2150 1091 2206 quae·
1119 2148 1146 2189 ee

76 2238 134 2293 que
165 2218 276 2276 chorda
306 2220 429 2294 acutior,
462 2239 496 2278 eo
525 2220 637 2294 exilior,
670 2223 700 2278 et
728 2220 805 2278 tibia
834 2223 919 2278 tanto
950 2222 994 2278 cst
1021 2238 1092 2278 voce

76 2307 222 2381 acutiore,
252 2311 365 2382 quanto
393 2326 465 2368 cavo
495 2309 679 2385 angustiore,
710 2308 783 2367 adeo
806 2312 840 2366 ut
868 2309 1016 2368 corniculo
1040 2312 1093 2367 aut

75 2395 230 2455 bamborio
259 2397 360 2455 addito
384 2400 505 2474 gravior
531 2398 686 2472 reddatur,
719 2398 798 2473 quod
824 2400 950 2457 crassior
978 2398 1038 2455 exit
1061 2399 1092 2454 in

76 2505 154 2543 aera.
200 2486 378 2544 brevitatem
406 2505 522 2562 quoquc
551 2489 656 2545 acutae
683 2489 764 2545 vocis
791 2489 823 2544 in
850 2487 942 2545 isdem
972 2488 1091 2562 organis

76 2575 314 2632 animadvertere
340 2575 454 2649 licebit,
492 2576 517 2634 si
540 2575 662 2650 quidem
690 2576 778 2650 pulsu
806 2575 982 2633 chordarum
1004 2575 1092 2634 citius
1119 2594 1147 2634 es

77 2667 166 2722 acuta
188 2663 364 2737 transvolat,
388 2665 487 2742 gravis
512 2667 611 2722 autem
635 2664 749 2722 diutius
774 2663 895 2722 auribus
918 2664 1091 2722 inmoratur.

76 2754 169 2810 etiam
191 2755 274 2828 ipsae
298 2753 424 2811 chordae
444 2772 520 2828 quae
543 2754 670 2812 crassius
690 2755 797 2811 sonant
819 2754 967 2830 longiores
991 2752 1091 2810 viden-

75 2845 135 2914 tur,
166 2844 239 2917 quia
268 2843 365 2900 laxius
395 2842 572 2917 tenduntur3
604 2843 687 2900 item'
705 2844 737 2899 in
766 2841 869 2901 fistula
896 2840 954 2899 duo
984 2841 1091 2900 calami

75 2931 253 3004 brevissimi,
277 2932 329 3006 qui
352 2932 540 2996 acutissimae
564 2933 652 2990 vocis.
689 2931 782 2990 tibiae
806 2950 923 3006 quoque
947 2932 1090 2989 acutiores

76 3038 153 3096 quac
176 3019 339 3093 breviores,
370 3024 400 3078 et
426 3020 472 3079 his
495 3021 643 3079 foramina
670 3040 759 3096 quam
788 3023 857 3078 sunt
885 3020 930 3077 ori
958 3019 1091 3095 proxima
1119 3039 1145 3079 eo

76 3111 106 3167 et
129 3108 273 3167 brevioris
303 3111 378 3167 aeris
406 3112 520 3167 motum
549 3111 780 3185 persentiscunt,
811 3111 875 3167 tam
903 3126 1004 3166 vocem
1026 3108 1091 3167 red-

75 3198 152 3255 dunt
175 3199 301 3256 acutam.
348 3198 443 3256 sicin
466 3199 654 3273 loquentium
680 3199 903 3275 legentiumque
926 3216 1010 3272 voce,
1040 3197 1091 3255 ubi

75 3289 147 3346 sunt
173 3287 329 3362 prosodiae
352 3287 435 3346 velut
458 3288 604 3362 quaedam
632 3288 769 3361 stamina,
797 3289 885 3345 acuta
907 3285 1024 3345 tenuior
1047 3289 1092 3344 est

76 3395 168 3450 quam
199 3378 298 3454 gravis
326 3379 356 3434 et
382 3375 479 3435 brevis
509 3376 594 3451 adeo,
624 3379 660 3434 ut
686 3395 746 3434 non
775 3376 893 3453 longius
922 3395 1011 3451 quam
1039 3394 1091 3450 per

75 3484 167 3523 unam
186 3465 341 3540 syllabam,
362 3467 434 3540 quin
452 3468 543 3524 immo
562 3485 725 3540 perunum
745 3467 862 3541 tempus
885 3465 1146 3540 protrahatur31m

75 3573 142 3614 cum
167 3555 281 3631 graviS,
313 3573 371 3629 quo
394 3554 513 3613 uberior
536 3557 566 3613 et
587 3555 703 3614 tardior
726 3557 787 3632 est,
813 3554 930 3613 diutius
948 3554 989 3610 iu
1003 3551 1101 3610 uerno
