2400 3824
130 152 197 216 280
281 151 485 205 Grammatioae
505 151 607 206 aetatis
627 151 818 205 Varronianae
836 150 997 220 fragmenta

130 320 227 380 idest
247 322 326 396 quod
345 340 403 380 uon
428 320 567 380 ambulet.
605 339 706 379 rursus
726 321 752 379 si
769 321 825 378 hoo
847 318 935 379 modo
954 319 1032 377 velit
1054 317 1150 378 dicere

133 405 231 469 ‘homo
255 412 312 470 1111
336 403 490 484 ambulat',
519 410 644 484 simplex
667 411 816 468 sententia
835 411 888 482 est,
916 427 1009 484 quam
1033 408 1060 467 si
1083 426 1148 466 con·

132 517 254 573 cessero,
282 502 312 557 et
343 493 418 578 [alia
440 516 516 574 quae
544 497 659 573 aliquid
683 501 841 574 expectant
863 496 902 556 ad
929 497 1148 572 conpletionem

92 605 118 647 11
132 591 297 648 1111111111
308 588 487 647 sententiam
499 581 754 666 conprehendunt]
771 586 939 646 adiunxerit
954 586 1047 645 aliam
1059 580 1147 661 ‘quis-

133 679 199 753 quis
218 681 318 736 autem
338 677 472 736 ambulat
490 671 647 750 movetur’,
667 679 697 734 11
715 677 792 736 hanc
806 675 897 735 etiam
916 692 1097 750 concessero,
1116 694 1149 732 ex

131 766 188 825 hac
202 768 409 826 coniunctione
428 767 643 824 sententiarum
661 766 798 840 quamvis
817 764 996 844 singillatim
1014 764 1149 822 enuntia-

132 859 231 914 tarum
255 858 285 914 et
308 873 512 914 concessam
534 854 590 914 illa
612 873 728 913 summa
751 856 904 930 sequitur„
917 871 993 929 quae
1016 855 1080 912 iam
1101 871 1149 911 ne·

132 945 259 1004 cessario
288 943 481 1018 concedatur,
512 942 543 1000 id
572 948 617 1001 est
650 938 754 1002 ‘homo
781 945 838 1002 iste
866 943 964 1021 igitur.
987 937 1148 1001 movetur’.

92 1052 119 1093 co
132 1034 179 1092 his
197 1033 327 1093 breviter
345 1033 516 1093 constitutis
539 1033 673 1110 singulas
692 1035 792 1108 partes
816 1031 1044 1092 consideremus.
1081 1049 1149 1090 nam

133 1126 202 1182 sunt
226 1125 340 1198 primae
364 1122 453 1196 duae,
482 1140 543 1180 una
566 1121 601 1180 de
624 1121 671 1180 his
695 1141 773 1196 quae
801 1121 978 1198 simpliciter
1000 1119 1149 1192 dicuntur,

133 1211 184 1270 ubi
208 1215 253 1270 111
272 1213 358 1287 quasi
380 1213 508 1270 materia
531 1211 713 1285 dialecticae,
737 1209 888 1269 alterode
911 1209 957 1268 his
981 1228 1059 1285 quae
1084 1226 1149 1268 con·

132 1302 235 1359 iuncta
262 1301 410 1375 dicuntur,
439 1300 490 1358 u'bi
518 1301 579 1358 iam
608 1300 695 1375 quasi
722 1318 796 1375 opus
824 1302 958 1374 apparet.
1009 1317 1088 1374 quae
1116 1296 1150 1368 dc

134 1389 319 1466 simplicibus
347 1392 402 1463 est,
429 1392 554 1448 vocatur
576 1388 613 1448 de
640 1388 797 1464 loquendo.
839 1389 893 1446 illa
916 1407 986 1447 vero
1016 1387 1150 1463 quaeda

37 1492 49 1511 ·
94 1497 120 1537 os
135 1480 299 1538 coniunctis
329 1480 387 1553 est,
418 1479 450 1536 in
480 1480 541 1536 tres
570 1481 671 1554 partes
703 1477 856 1537 dividitur.
903 1478 1044 1552 separata
1073 1477 1150 1535 enim

134 1568 341 1628 coniunctione
368 1566 526 1626 verborum
554 1587 630 1642 quae
654 1586 713 1625 non
740 1567 848 1642 implet
875 1567 1070 1638 sententiam,
1099 1565 1151 1622 1111

135 1676 210 1732 quae
230 1658 271 1715 sic
289 1657 395 1732 implet
418 1658 605 1730 sententiam,
627 1659 662 1714 ut
680 1654 813 1716 nondum
835 1656 928 1714 faciat
947 1656 1152 1729 quaestionem

134 1747 183 1805 vel
201 1747 417 1822 disputatorem
435 1748 577 1820 requirat,
600 1747 725 1804 vocatur
744 1744 780 1802 de
799 1744 979 1819 eloquendo,
1001 1743 1057 1802 1111
1076 1761 1152 1819 quae

135 1838 177 1894 sic
199 1835 306 1910 implet
328 1836 516 1908 sententiam,
539 1838 573 1893 ut
596 1834 632 1892 de
656 1836 812 1893 sententiis
835 1832 1020 1909 simplicibus
1043 1831 1152 1890 iudice-

96 1927 194 1998 rotur,
221 1926 347 1983 vocatur
369 1923 405 1982 de
427 1923 646 2000 proloquendo,
675 1923 730 1981 illa
753 1942 831 1998 quae
859 1923 901 1981 sic
929 1921 1154 1997 comprehendit

136 2015 324 2086 sententiam,
346 2016 381 2070 ut
403 2013 439 2070 (11
462 2015 528 2088 ipsa
552 2015 643 2070 etiam
666 2012 856 2088 copulatione
879 2010 1036 2086 iudicetur,
1062 2010 1153 2069 donec

135 2103 330 2178 perveniatur
347 2101 385 2160 ad
404 2119 558 2176 summam,
582 2105 705 2160 vocatur
724 2100 760 2160 de
780 2095 1006 2177 proloquiorum
1029 2117 1153 2158 summa.

137 2223 179 2232 —
194 2191 318 2249 verbum
337 2194 382 2249 est
399 2192 487 2249 unius
502 2193 643 2265 cuiusque
661 2192 706 2248 rei
722 2191 840 2266 signum
859 2189 939 2265 quod
957 2188 994 2246 ab
1015 2187 1154 2247 audiente

136 2279 232 2356 possit
263 2279 399 2357 intellegi
429 2299 447 2338 a
476 2279 616 2355 loquente
648 2280 808 2356 prolatum.
854 2296 900 2337 res
934 2280 980 2354 est
1012 2274 1155 2354 quicquid

98 2387 123 2429 11
137 2370 186 2428 vel
209 2369 336 2428 sentitur
363 2369 411 2426 vel
439 2368 623 2445 intellegitur
651 2369 699 2428 vel
722 2369 806 2427 11111.
853 2367 972 2446 signum
1000 2369 1046 2425 est
1076 2365 1155 2446 quod

138 2463 222 2517 etse
245 2458 344 2532 ipsum
372 2457 470 2516 sensui
494 2460 523 2515 et
545 2459 664 2532 praeter
687 2476 717 2516 se
742 2455 859 2533 aliquid
886 2455 985 2515 animo
1015 2454 1154 2515 ostendit

138 2548 221 2622 loqui
241 2550 286 2605 est
304 2547 467 2605 articulata
485 2565 556 2605 voce
575 2547 691 2624 signum
717 2545 795 2605 dare.
841 2545 1035 2604 articulatam
1055 2547 1156 2602 autem

139 2637 213 2710 dico,
242 2656 318 2712 quae
345 2635 554 2711 comprehendi
581 2635 691 2694 litteris
713 2636 820 2710 potest.
846 2667 888 2675 -
917 2652 1003 2711 omne
1030 2633 1155 2692 verbum

139 2729 238 2800 sonat,
272 2745 339 2783 cum
367 2725 445 2783 enim
473 2728 519 2783 111
545 2725 577 2782 11
601 2725 721 2800 scripto,
751 2743 811 2783 111
838 2724 961 2782 verbum
989 2721 1043 2781 sed
1073 2721 1156 2781 verbi

99 2833 125 2874 eo
139 2815 258 2892 signum
281 2817 334 2872 111.
357 2846 402 2854 -
425 2814 476 2874 sed
499 2812 579 2890 quod
601 2816 697 2887 sonat,
720 2812 796 2871 nihil
820 2812 859 2871 ad
881 2811 1079 2871 (1111111111.
1120 2809 1156 2868 (11

140 2922 212 2962 sono
231 2903 310 2961 enim
328 2903 411 2961 verbi
434 2903 543 2981 agitur,
566 2921 633 2960 cum
652 2902 807 2978 quaeritur
824 2901 874 2960 vel
888 2899 1157 2971 animadvertitur,

140 2992 269 3068 qualiter
287 2991 434 3050 vocalium
455 2991 503 3051 vel
526 2991 721 3066 dispositione
743 2991 874 3049 leniatur
893 2989 942 3048 vel
964 2989 1156 3049 concursione

141 3081 281 3154 dehiscat,
304 3080 377 3138 item
398 3081 624 3141 consonantium
642 3081 691 3139 vel
713 3077 940 3156 interpositione
962 3078 1093 3137 nodetur
1109 3077 1157 3136 vel

141 3170 331 3248 congestione
349 3173 503 3245 asperetur
521 3172 551 3228 et
569 3172 643 3244 quot
660 3168 709 3228 vel
729 3167 869 3245 qualibus
887 3166 1011 3244 syllabis
1033 3169 1157 3238 constet,

101 3280 127 3322 11
141 3259 193 3318 ubi
215 3259 348 3335 poeticus
367 3259 523 3334 rhythmus
542 3261 739 3334 occentusque
762 3276 780 3316 a
803 3255 1009 3334 grammaticis
1027 3257 1157 3315 solarum

136 3348 254 3408 aurium
271 3350 441 3409 tractantur
458 3349 589 3429 negotia.
620 3350 651 3406 11
668 3350 770 3406 tamen
784 3365 851 3405 oum
865 3344 902 3404 de
915 3344 962 3404 his
976 3344 1158 3420 disputabit,

114 3443 249 3516 praeter
266 3440 466 3504 dialecticam
488 3461 554 3502 nou
573 3441 635 3515 est,
652 3439 732 3498 haec
749 3435 833 3494 euim
848 3433 977 3491 scientia
988 3433 1164 3504 disputandi

106 3531 162 3590 est.
206 3535 264 3596 sed
291 3555 368 3598 cum
389 3537 491 3600 verba
518 3537 585 3598 sint
607 3549 728 3604 rerum,
748 3521 875 3602 111111
891 3515 1025 3587 1111111
1043 3515 1193 3581 schism,
