2400 3824
142 178 209 242 460
307 177 513 232 Grammatieae
532 177 634 231 aetatis
652 177 813 245 Augusteae
832 175 993 245 fragmenta

215 339 298 394 Paul.
313 339 386 393 cht
402 356 432 406 p.
449 343 474 403 6,
490 343 526 391 16
548 353 642 391 uterum
656 370 683 377 -
698 344 781 406 ἕτερον.
810 337 926 405 quidam
944 353 1010 391 vero
1030 355 1066 390 ex
1086 340 1165 392 utro-

145 426 199 478 que
227 426 288 464 esse
316 410 502 477 compositum
529 409 611 471 ἄλλος
636 411 665 462 et
693 407 792 478 ἕτερος.
830 411 866 476 cf.
890 411 958 464 1555.
984 426 1023 464 cr.
1049 415 1099 477 10,
1118 415 1164 464 21.

146 482 231 537 cen
250 483 289 535 Π
304 486 347 547 15,
361 484 407 534 29.
427 485 490 547 515,
505 484 550 535 55.
627 507 631 518 ·

606 633 624 690 5
648 627 697 712 [e]

211 776 315 834 graece
348 775 417 816 arae
448 756 531 832 ipsae
564 756 656 816 ἵππου
687 765 765 816 νῶτα
795 758 942 832 dicuntur,
974 761 1011 815 ut
1039 758 1161 817 Sinnius

145 846 253 922 Capito
276 846 411 921 tradidit,
434 846 595 904 secundum
617 846 788 906 Homerum.

215 945 288 999 Sero.
310 945 589 1010 Dae.Aec.1,110
616 945 729 998 dorsum
753 947 847 998 autem
870 945 923 999 hoc
947 945 1010 1000 loeo
1033 964 1093 1000 non
1115 945 1161 1000 ab·

145 1016 228 1070 surde
247 1015 296 1081 ait,
315 1016 382 1082 quia
400 1041 479 1078 graece
492 1048 519 1054 -
532 1030 662 1070 Homerum.
699 1017 850 1072 Sinnianae
868 1019 925 1086 epse
943 1020 1000 1072 iata
1018 1019 1058 1072 cd
1077 1020 1161 1072 locum

150 1089 265 1158 Vergilii
282 1088 505 1142 animadverterit
523 1105 561 1141 aa
579 1105 644 1154 coe,
663 1091 695 1142 e're
712 1090 800 1143 medio
818 1089 1027 1157 relinquendum
1047 1097 1094 1144 cst

595 1259 614 1315 5
638 1251 710 1336 [15]

211 1381 302 1438 tertia
320 1381 393 1439 haec
413 1383 457 1439 est
475 1381 680 1459 interrogandi
698 1385 817 1458 species,
841 1386 876 1441 ut
896 1383 1001 1442 Sinnio
1021 1382 1160 1459 Capitoni

145 1470 271 1545 videtur,
289 1471 441 1545 pertinens
457 1470 495 1529 ad
510 1470 641 1529 officium
656 1474 686 1530 et
704 1472 946 1531 consuetudinem
966 1474 1160 1547 senatoriam3

146 1560 264 1634 quando
292 1559 370 1617 enim
394 1559 504 1635 aliquis
532 1561 710 1618 sententiam
740 1562 805 1619 loco
829 1579 883 1619 suc
906 1562 969 1619 iam
992 1561 1111 1621 dixerat
1133 1564 1161 1619 et

146 1649 221 1707 alius
249 1651 354 1724 postea
380 1650 581 1726 interrogatus
611 1649 755 1724 quaedam
783 1649 941 1708 videbatur
963 1652 1009 1709 ita
1037 1651 1159 1725 locutus,

119 1740 179 1795 eut
201 1738 327 1796 refutari
349 1756 435 1812 posse
458 1738 620 1797 iustissime
639 1738 819 1814 viderentur,
841 1739 1017 1814 postulabat
1040 1739 1093 1800 ille
1112 1739 1159 1816 qui

144 1829 206 1884 iam
233 1828 413 1886 sententiam
441 1827 569 1902 dixerat,
601 1829 636 1885 ut
663 1828 721 1887 sibi
747 1828 850 1886 liceret
877 1829 1079 1906 interrogare,
1109 1830 1158 1888 hoc

145 1920 190 1974 est
213 1916 299 1973 illum
321 1915 498 1992 redarguere
517 1917 600 1974 cuius
624 1919 772 1976 sententia
793 1918 825 1975 in
848 1918 951 1975 multis
972 1921 1061 1993 quasi
1083 1938 1158 1977 men·

145 2005 203 2064 dax
226 2008 256 2063 et
279 2005 462 2063 calumniosa
484 2005 625 2083 redargui
647 2009 755 2081 posset.

217 2103 302 2158 Sciret.
327 2103 396 2156 Bob.
417 2105 448 2156 ie
468 2103 522 2158 Cic.
537 2122 567 2172 p.
588 2107 643 2158 342
664 2105 709 2159 Or.
736 2105 849 2172 proprie
874 2105 1064 2176 interrogatio
1091 2107 1160 2159 dice-

144 2174 236 2240 batur,
256 2191 312 2243 qua
329 2176 417 2228 testes
435 2175 684 2244 redarguebantur.
721 2191 788 2229 cerua
800 2191 856 2230 haee
870 2207 897 2215 —
911 2194 992 2238 posset.

217 2285 232 2333 3
253 2280 361 2349 aliquid
434 2285 449 2333 5
468 2283 563 2349 posset
637 2288 650 2335 7
671 2283 841 2337 sententiam

594 2453 614 2508 7
638 2402 709 2529 [aa]

212 2578 377 2634 monstrum
400 2607 442 2614 —
467 2574 587 2634 Sinnius
612 2573 718 2661 Capito
747 2576 826 2656 quod
853 2578 1002 2636 monstret
1031 2579 1161 2637 futurum

147 2667 177 2722 et
198 2668 319 2723 moneat
341 2664 526 2722 voluntatem
550 2664 679 2722 deorum.

216 2764 291 2817 Fest.
311 2781 340 2831 p.
362 2767 442 2829 138⁶,
458 2767 492 2816 18
518 2781 648 2829 monstrum,
675 2765 708 2816 ut
734 2763 830 2818 Aelius
859 2762 930 2817 Stilo
959 2764 1162 2836 interpretatur

147 2835 193 2904 [fr.
209 2834 263 2904 17]¹
301 2834 369 2887 item
388 2848 519 2888 Sinnius-
533 2849 630 2888 deorum.

606 3005 626 3062 8
650 2997 699 3081 [5]

212 3144 265 3184 nec
285 3129 522 3186 coniunctionem
541 3127 728 3205 grammatici
749 3127 810 3185 fere
829 3127 932 3186 dicunt
951 3146 1016 3188 esse
1038 3128 1162 3190 disiunc-

145 3214 253 3289 tivam,
285 3218 321 3273 ut
351 3210 420 3274 ‘nec
443 3216 518 3292 legit
540 3235 594 3274 nec
617 3210 747 3291 scribit',
779 3217 894 3275 cumei
918 3216 1101 3294 diligentius
1122 3221 1162 3277 in·

146 3304 299 3379 spiciatur,
332 3308 368 3363 ut
399 3307 471 3364 fecit
498 3303 619 3364 Sinnius
649 3304 769 3381 Capito,
801 3305 936 3384 intellegi
968 3310 1070 3381 possit
1103 3327 1163 3368 eam

136 3395 273 3472 positam
294 3412 357 3455 esse
372 3393 409 3454 ab
427 3394 559 3472 antiquis
577 3413 630 3471 pro
645 3415 714 3469 non„
732 3397 811 3453 utet
828 3397 861 3453 in
874 3393 933 3452 XII
952 3399 1000 3454 est
1020 3390 1067 3476 [5,
1080 3391 1163 3475 78.]:

99 3503 113 3544 ⁵
135 3480 195 3549 ‘ast
221 3490 250 3550 ei
274 3493 382 3552 custos
406 3507 464 3550 nec
489 3480 589 3560 escit'3
608 3487 685 3544 ’item
702 3478 805 3560 tw>
818 3477 879 3557 Str
892 3479 941 3538 *su
957 3483 1069 3543 adorat
1086 3487 1162 3544 furto

121 3582 211 3659 quod
232 3603 293 3647 nec
314 3583 529 3647 manifestum
549 3572 634 3639 euit‘.
671 3578 704 3633 et
720 3569 808 3643 apud
816 3567 970 3621 ttuutum
977 3565 1188 3623 ‘intruendas
