2400 3824
111 181 178 251 420
260 179 465 235 Grammaticos
484 181 586 236 aciatis
605 181 796 235 Varronisnas
815 180 975 250 fragmenta

186 342 409 412 Quini.1,4,11
428 357 484 396 solat
497 375 523 382 -
537 367 668 397 consonans.
700 344 734 410 cf.
755 344 843 397 Prisc.
854 360 885 411 p.
901 346 946 408 37,
959 346 1006 397 22.
1027 348 1074 410 39,
1087 348 1134 398 20.

111 415 168 468 ΙΙΙ
181 417 246 479 467,
262 418 304 467 16.
337 414 410 468 Seru
425 414 502 468 Dan.
518 415 586 467 Aen.
602 418 628 479 1,
644 419 667 467 1.
701 413 797 482 Pomp.
813 421 948 468 comment.
961 432 993 484 p.
1009 419 1074 481 105,
1089 420 1133 470 30.

110 485 179 538 Isid.
202 501 240 538 or.
260 489 345 552 1,27,
360 490 402 538 11.
432 489 476 550 32,
493 489 516 538 7.
559 485 602 539 nd.
621 492 734 553 praeter
757 487 827 540 alios
845 486 1003 540 Fleckeisen
1030 487 1126 556 (Fieclr

110 556 223 610 Jahrbo.
240 560 302 610 107.
322 561 394 610 1873
410 574 441 625 p.
456 558 531 625 466),
554 559 603 623 qni
621 557 705 611 Accio
723 558 796 611 hano
813 559 979 625 scripturam
998 559 1133 613 uindicat.

599 673 641 730 ,α

179 798 209 855 ei
236 796 267 853 in
290 795 439 872 plerisque
465 794 565 855 Cicero
594 797 713 855 videtur
741 796 847 856 auditu
875 815 1010 856 emensus
1040 800 1132 874 scrip·

110 887 232 959 tionem,
262 887 315 961 qui
342 888 373 943 et
395 884 529 943 Aiiacem
557 887 588 944 ei
611 886 736 944 Maiiam
762 905 816 962 per
843 887 901 944 duo
924 887 948 944 ii
975 887 1132 946 scribenda

112 975 303 1033 existimavit.

189 1073 242 1127 Vel.
267 1073 355 1143 ley.
374 1090 405 1141 p.
425 1077 469 1139 54,
488 1077 524 1126 16
556 1091 577 1126 st
600 1087 625 1126 in
647 1088 758 1136 plerisque
777 1106 804 1113 -
822 1088 966 1128 existimavit.
1004 1076 1040 1142 cf.
1064 1076 1129 1130 ibid.

105 1148 256 1213 p.66,18.
286 1147 371 1209 722,

183 1256 199 1302 2
219 1249 309 1304 aiiaoe

184 1392 215 1446 do
236 1393 373 1447 Ciceronis
391 1393 530 1448 scribendi
546 1395 654 1448 rationo
673 1393 853 1459 conferendos
870 1396 953 1452 elion
976 1401 1016 1450 nst
1037 1395 1130 1465 Quint.

111 1468 137 1528 1,
152 1468 177 1529 7,
191 1467 228 1517 20
251 1463 320 1530 quid
344 1464 418 1531 quod
442 1463 582 1518 Ciceronis
606 1464 779 1533 temporibus
797 1463 969 1534 paulumque
983 1465 1061 1521 infra
1074 1466 1131 1520 fere

112 1535 241 1601 quotiens
257 1551 269 1587 s
284 1534 380 1588 liiiera
393 1535 488 1589 media
503 1535 639 1589 vocalium
660 1535 808 1606 longarum
826 1536 870 1590 vel
889 1535 1019 1591 subiecta
1038 1537 1130 1608 longis

111 1608 185 1660 ossei
202 1605 407 1674 geminabatur,
427 1609 460 1659 ut
478 1623 593 1660 caussae
613 1623 708 1661 cassus
727 1607 913 1661 divissiones?
945 1609 1089 1678 quomodo
1103 1611 1131 1662 ei

109 1676 202 1745 ipsum
231 1679 259 1730 et
277 1676 434 1746 Vergilium
461 1695 572 1745 quoque
601 1678 745 1746 scripsisse
769 1696 868 1731 manus
896 1694 993 1732 eorum
1018 1680 1129 1734 docent.

111 1747 191 1816 atqui
210 1747 328 1817 paulum
346 1749 502 1817 superiores
522 1749 609 1802 etiam
627 1749 707 1816 illud,
731 1751 807 1818 quod
826 1767 875 1804 nos
895 1750 1009 1820 gemina
1029 1769 1042 1804 s
1062 1751 1131 1806 dioi-

110 1836 181 1884 mus,
196 1819 344 1886 iussione
359 1819 497 1874 dixerunt.
526 1822 569 1874 od.
580 1823 662 1875 etiam
672 1826 697 1888 1,
708 1827 733 1887 5,
743 1826 778 1874 44
793 1822 835 1890 (de
848 1823 940 1888 fornia
956 1823 1130 1892 ‘scripsere').

105 1898 249 1958 praetereo
268 1893 299 1944 in
318 1893 396 1946 libris
411 1892 556 1958 Ciceronis,
570 1899 603 1946 ni
620 1893 750 1958 olininna
764 1894 905 1962 plnrinoa
918 1895 1061 1950 uerbornm
1077 1897 1130 1950 ori·

109 1964 186 2032 pines
203 1964 392 2030 reperiuntur,
415 1980 483 2031 qnos
505 1965 616 2033 saepius·
634 1981 652 2018 o
669 1967 859 2034 pnonnoticis
874 1966 977 2023 aliisve.
988 1967 1130 2034 scriptori·

110 2033 160 2087 bns
183 2035 284 2087 allatas
307 2035 431 2104 lepinns,
454 2042 486 2088 nt
504 2051 522 2087 a
543 2035 635 2105 Quint.
652 2041 677 2101 1,
692 2039 717 2102 5,
733 2040 770 2090 66
788 2035 891 2108 (capsis
906 2062 940 2080 =
955 2053 1027 2107 cape
1047 2037 1072 2093 si
1090 2038 1130 2090 vis

109 2104 144 2170 of.
160 2111 228 2158 oroi.
245 2107 315 2173 154),
336 2109 363 2170 8,
379 2109 404 2171 6,
421 2109 463 2158 73.
492 2107 526 2172 of.
542 2108 624 2160 etiam
638 2109 695 2161 Ael.
711 2107 780 2162 Stilo
794 2107 832 2160 od
844 2108 880 2173 fr.
896 2111 940 2160 12.
964 2125 1024 2163 non
1037 2111 1131 2162 nullos

110 2177 216 2246 coiiepii
240 2177 387 2243 Woelfflin,
406 2177 487 2230 Arci.
507 2179 528 2244 f.
548 2179 612 2231 Lot.
633 2179 818 2244 11158426,
856 2179 889 2232 oie
907 2180 975 2234 aliis
991 2197 1130 2250 psamma-

109 2247 172 2300 ticis
199 2249 403 2315 quaestionibus
431 2250 464 2316 cf.
486 2249 554 2303 Geli.
573 2254 600 2315 2,
620 2253 656 2302 17
679 2249 723 2318 (=
743 2255 811 2304 orat.
833 2253 897 2318 159)
921 2255 946 2304 et
964 2255 1010 2317 13,
1029 2256 1077 2317 21,
1094 2255 1130 2306 24

108 2319 154 2387 (=
167 2325 236 2373 orat.
251 2320 325 2387 168),
866 2360 867 2363 ,

605 2403 625 2458 4

220 2517 259 2572 iu
278 2533 429 2590 quoque,
454 2517 514 2590 qui
532 2516 630 2574 solus
651 2517 746 2575 lecto
771 2535 950 2592 sermone2
965 2517 1126 2592 Terenti,

221 2622 428 2663 conversum
447 2622 722 2681 expressumque
737 2603 868 2665 Latina
883 2624 968 2665 voce
983 2606 1128 2666 Menan·

992 2696 1095 2754 drum

219 2783 256 2839 in
280 2782 432 2841 medium
454 2782 556 2842 nobis
580 2783 716 2842 sedatis
740 2783 899 2844 motibus
923 2768 1049 2858 effers,

221 2870 389 2946 quiddam
420 2891 513 2930 come
541 2873 691 2947 loquens
722 2876 831 2948 atque
860 2871 978 2935 omnia
1006 2873 1133 2935 dulcis.

952 3017 954 3020 ,
996 2962 1127 3022 dicens.

180 3058 253 3113 Suet.
267 3060 313 3128 vit.
331 3059 391 3113 Ter.
401 3077 432 3128 p.
448 3063 483 3118 34
498 3061 534 3114 R.
563 3057 657 3114 Cicero
676 3059 706 3112 in
725 3060 840 3119 Limone
858 3059 996 3119 hactenus
1015 3060 1127 3132 [Teren

108 3131 191 3202 tium]
207 3130 318 3184 laudat:
337 3148 363 3183 tu
377 3156 465 3192 quoque
479 3162 506 3171 -
520 3145 601 3185 dicens.
634 3132 668 3199 Cf.
685 3131 739 3186 Cic.
755 3133 793 3186 ad
806 3133 864 3186 Ait.
880 3135 995 3197 7,,3,10.
1027 3133 1129 3187 Caesar

108 3204 144 3270 fr.
165 3206 208 3256 31.
246 3202 310 3256 Veii.
332 3201 546 3268 Pat.1,17,1.
583 3203 676 3272 Quint.
696 3208 740 3270 10,
759 3208 785 3270 1,
804 3207 848 3258 99.
884 3204 988 3258 Ancon.
1010 3205 1049 3257 od
1067 3221 1126 3272 nep.

110 3274 215 3328 Ancon.
231 3277 310 3340 oesq.
325 3289 356 3340 p.
375 3276 430 3326 264
445 3275 478 3328 P.
515 3275 573 3328 Ter.
592 3275 680 3328 icant.
697 3277 768 3343 proi.
785 3279 828 3328 46.
953 3282 955 3287 “

182 3383 197 3432 3
221 3379 251 3433 in
273 3378 398 3432 medium
421 3379 515 3452 nobis]
541 3381 571 3432 in
587 3380 672 3453 3dium
691 3381 768 3435 Flor.
797 3380 922 3434 medium
936 3381 970 3436 ,Τ
985 3407 1020 3427 =
1040 3381 1125 3436 Velio.

93 3451 162 3506 Lat.
178 3457 260 3510 2965
277 3451 308 3508 in
321 3453 453 3511 medium
467 3455 545 3510 cerie
560 3453 587 3507 V
602 3453 738 3506 :Vocis
752 3442 928 3520 8196614116
1001 3452 1125 3508 noiibus

9 3562 14 3583 f
82 3523 199 3584 Boin:
220 3528 343 3586 vocibus
412 3528 595 3601 squidem
611 3526 706 3583 Pacis.
719 3521 793 3590 nunu
803 3519 883 3586 cusu
893 3520 978 3571 TW
1000 3533 1003 3539 ·
1022 3514 1145 3586 mussi&

70 3598 210 3659 miscens
228 3604 353 3664 Riteoiei
992 3613 998 3635 ’·
1010 3617 1026 3637 ’“
1046 3633 1050 3640 ·
