2400 3824
128 179 194 244 394
278 179 482 234 Grammaticus
500 179 602 233 aetatis
621 178 812 232 Varronianae
831 177 1001 248 fragmenta

88 360 351 424 roquooumque
392 350 574 420 venerint,
614 347 704 405 hanc
741 347 812 405 sibi
848 365 922 406 rem
960 345 1146 421 praesidio

128 441 275 514 sperant
298 438 468 496 futurum.

202 527 269 582 Geli.
291 533 314 591 1,
333 531 391 591 7,1
419 527 448 579 in
469 526 594 580 oratione
614 525 753 580 Ciceronis
773 525 873 593 quinta
891 525 922 578 in
937 524 1061 580 Verrem
1080 525 1150 597 [167]

127 597 158 651 in
181 597 223 669 [in
242 599 367 652 Buele'd.:
391 614 441 651 orn.
460 597 530 668 reli]
557 597 629 650 libro
654 599 797 665 spectatae
819 596 886 651 fidei
905 595 1068 650 Tironiana
1091 613 1149 650 cura

128 673 214 736 atque
233 668 384 737 disciplina
407 670 481 723 facto
506 669 557 739 [eie
571 670 747 724 Pal-Vatic:
768 669 810 722 ita
824 667 901 722 facto
915 668 960 721 ita
973 669 1050 740 reli]
1070 667 1149 721 scrib·

128 743 189 793 tum
207 739 274 793 fuit:
298 754 399 794 homines
413 773 439 779 —
453 754 558 793 rutarum.
595 739 745 793 videbatur
768 739 959 808 compluribus
978 739 1011 792 in
1032 742 1148 794 extremo

127 812 212 865 verbo
232 811 334 865 menda
353 828 424 875 esse3
445 811 574 864 debuisse
593 812 667 864 enim
687 810 773 864 scribi
786 811 927 879 putabant
942 827 1001 864 non
1017 810 1148 871 futurum,

128 883 178 937 sed
196 883 328 936 futuram.
365 884 400 949 cs.
420 884 506 937 Prisc.
522 887 687 951 p.475,13.

201 987 215 1031 ‘2
240 980 370 1033 viderunt
395 979 444 1033 ubi
470 996 561 1047 neque
588 981 642 1035 Cic.
721 985 815 1033 tesso
840 979 874 1033 iis
901 979 1072 1036 Par-Vatia.
1099 979 1147 1034 Cic.

129 1052 227 1105 essetis
246 1052 303 1105 rell.
377 1057 445 1104 dac
519 1051 709 1120 opericulum
783 1059 814 1104 11
835 1053 961 1104 t'uturam
981 1051 1040 1106 oe.

560 1196 583 1253 2
607 1188 709 1274 [deest]

196 1295 419 1369 perangusto
444 1293 541 1368 fretu
564 1291 683 1350 divisa

203 1381 270 1434 Geli.
287 1386 329 1445 13,
343 1386 388 1446 21,
405 1386 438 1435 15
463 1381 547 1434 sicuti
571 1381 664 1435 Marco
688 1381 775 1435 etiam
794 1379 920 1434 Ciceroni
943 1379 1060 1434 mollius
1081 1384 1147 1434 tere-

129 1452 241 1518 tiusque
274 1453 364 1505 visum
400 1453 429 1505 in
462 1453 562 1520 quinta
594 1453 624 1504 in
656 1452 771 1506 Verrem
808 1451 887 1522 [169]
918 1450 995 1504 fretu
1030 1452 1148 1506 scribere

130 1539 212 1589 quarn
233 1523 317 1576 freto:
337 1549 426 1587 perang.
454 1524 548 1590 inquit
561 1539 587 1578 fr.
602 1538 682 1578 nasa.
699 1524 848 1577 eratenim
863 1523 984 1576 crassius
999 1522 1059 1576 iam
1073 1526 1148 1576 vetu-

130 1594 256 1661 stiusque
277 1596 458 1664 ‘perangusto
478 1594 561 1649 freto’
582 1596 682 1649 dicere.
707 1597 739 1649 de
762 1595 859 1648 Tirone
878 1595 980 1648 editore
1004 1596 1048 1650 od.
1069 1597 1106 1661 fr.
1126 1599 1147 1648 3.

563 1740 583 1795 3
622 1731 703 1795 deest

196 1854 294 1893 nemo
314 1837 366 1893 ita
385 1834 545 1906 vivebat,
564 1731 723 1893 ut[nullla
742 1835 817 1894 eius
834 1836 932 1893 vitae
952 1853 1037 1910 pars
1058 1853 1148 1893 surn-

129 1944 203 1982 mae
227 1923 471 1999 turpitudinis
495 1928 588 1982 esset
611 1942 751 1999 expers,
776 1942 875 1983 nemo
898 1926 953 1982 ita
976 1923 1014 1982 in
1037 1924 1147 1982 mani-

129 2013 222 2072 festo
245 2017 395 2088 peooetu
418 2010 623 2087 tenebatur,
647 2016 685 2071 ut
709 2033 784 2072 eum
811 2011 990 2088 inpudens
1018 2013 1148 2095 fuisset

128 2104 164 2159 in
195 2103 306 2174 facte,
336 2105 408 2160 tum
439 2102 674 2177 inpudentior
704 2103 901 2175 videretur,
929 2104 960 2160 si
991 2105 1147 2180 negaret.

203 2192 270 2244 Geli.
290 2193 356 2245 ibid.
372 2197 407 2246 16
431 2192 531 2244 itidem
556 2192 586 2243 in
613 2193 736 2245 secunda
759 2191 845 2245 simili
867 2209 933 2245 usus
956 2191 1147 2246 modulamine

131 2263 291 2316 ‘manifesto
306 2264 435 2331 peccatu'
451 2264 553 2330 inquit,
568 2280 624 2316 non
640 2263 793 2331 ‘peccato’3
808 2263 861 2317 hoo
876 2262 952 2315 enim
966 2264 1106 2332 scripturn
1120 2264 1146 2316 in

129 2350 185 2386 uno
205 2335 289 2401 atque
309 2335 338 2385 in
358 2334 446 2388 altero
466 2333 678 2402 antiquissimae
693 2335 758 2387 fidei
773 2333 845 2388 libro
860 2333 1014 2387 Tironiano
1028 2335 1146 2404 repperi.

130 2405 214 2459 verba
234 2408 299 2458 sunt
319 2404 458 2458 Ciceronis
478 2406 546 2458 haec
566 2407 657 2476 [191]:
676 2432 742 2460 nemo
757 2438 783 2444 —
796 2423 894 2469 negares.

549 2548 588 2604 *4
629 2549 706 2606 deest

196 2642 309 2723 (Tiro)
323 2648 424 2720 posuit
439 2647 514 2703 hanc
534 2640 579 2724 [te
595 2542 630 2702 L[.
651 2543 799 2723 Pieriam]
821 2645 899 2704 inter
919 2663 967 2704 eas
987 2647 1146 2715 orationes,

130 2753 204 2810 ques
219 2735 295 2792 dixit
311 2735 412 2793 Cicero
422 2735 454 2792 L.
466 2735 598 2792 Domitio
608 2734 706 2810 Appio
718 2734 843 2793 Claudio
859 2752 931 2793 coss.
950 2727 991 2812 [a.
1005 2728 1145 2812 700f54]‚

128 2824 272 2882 ultimam.

144 2957 145 2960 ,
201 2915 300 2967 Areon.
320 2915 351 2965 ire
370 2915 404 2966 L.
420 2915 477 2966 Pte.
493 2920 550 2980 [Α
566 2913 636 2966 K-S.
656 2912 751 2984 (rire)
771 2914 886 2980 quidem
908 2927 984 2975 posuu
998 2945 1025 2952 —
1038 2927 1145 2967 numam.

130 2985 179 3036 sed
197 2986 230 3036 ut
244 3001 296 3052 ego
316 2983 351 3036 ab
371 3001 402 3037 eo
423 2984 587 3037 dissentiam
606 2984 676 3038 facit
694 2985 824 3052 primum,
844 2983 919 3052 quod
936 2983 1001 3037 Piso
1020 3000 1145 3038 reversus

130 3058 173 3109 est
187 3071 221 3108 ex
235 3055 379 3122 provincia
388 3055 521 3123 Pompeio
536 3057 564 3108 et
576 3054 673 3109 Crasso
689 3055 859 3122 oonsulibus,
874 3053 1012 3108 Gabinius
1024 3055 1145 3109 Domitio

129 3129 159 3179 et
177 3126 283 3194 Appi03
308 3126 381 3179 hano
401 3129 495 3179 autem
515 3127 671 3180 orationem
690 3127 796 3180 dictam
815 3130 882 3179 ante
901 3124 1005 3180 Gabini
1023 3126 1146 3179 reditum

130 3215 163 3250 ex
181 3197 244 3266 ipsa
263 3197 444 3250 manifestum
459 3200 513 3263 est;
533 3197 634 3250 deinde
654 3199 729 3265 quod
748 3199 838 3267 magis
858 3199 905 3269 [m.
921 3215 947 3265 q.
964 3197 997 3268 0]
1017 3196 1146 3251 naturale

130 3271 181 3334 est,
200 3271 233 3320 ut
251 3267 316 3321 Piso
335 3269 388 3340 [ita
407 3271 523 3323 Rinkes:
543 3270 604 3336 ipso
625 3270 658 3340 0]
677 3270 783 3322 recenti
801 3269 895 3322 reditu
913 3269 1041 3322 invectus
1061 3269 1099 3322 sit
1117 3269 1147 3321 in

131 3338 291 3392 Ciceronem
308 3341 540 3408 responderitque
559 3341 739 3394 insectationi
759 3342 826 3408 eius,
847 3356 902 3409 qua
920 3343 1068 3394 revocatus
1088 3342 1148 3393 erat

130 3427 164 3464 ex
181 3411 333 3480 provincia,
352 3429 438 3478 qnam
456 3413 521 3480 post
538 3412 606 3464 anni
625 3412 811 3465 intervallum.

201 3516 212 3563 1
237 3509 301 3564 Tiro
327 3511 392 3564 add.
416 3511 448 3562 io
473 3511 523 3564 lac.
551 3510 759 3577 Kiedl·Schoell
785 3507 879 3578 Nepos
901 3510 1025 3576 praefert
1049 3509 1147 3563 Heide-

115 3582 322 3655 brandtp.15
