2400 3824
77 169 118 233 38
258 170 464 224 Grammaticae
484 172 734 226 antevarronianae
752 171 912 241 fragmenta

77 329 151 383 ‘viri'
172 346 222 398 per
240 329 250 382 i
269 332 437 384 notaremus.
464 333 493 384 et
511 331 634 385 Lucilius
653 331 684 384 in
706 348 792 386 nono:
815 345 861 386 ism
875 363 909 372 ·-
923 347 969 386 net.
1000 331 1089 402 Quint.

75 407 100 464 1,
118 406 194 466 7,15
211 401 318 456 diutius
338 402 450 456 duravit
468 405 501 455 ut
520 421 534 456 e
554 405 583 457 et
596 402 607 455 i
621 402 771 473 iungendis
791 402 890 456 eadem
908 403 1020 457 ratione
1038 419 1091 472 que

75 470 176 527 Graeci
203 493 227 528 ει
253 475 405 527 uterentur.
441 490 475 527 ea
501 475 611 528 casibus
636 475 815 542 numerisque
838 475 960 528 discreta
984 475 1039 540 est,
1062 475 1091 526 ut

74 543 198 598 Lucilius
225 545 377 613 praecipit:
406 560 452 598 nm
471 577 504 585 —
523 560 584 599 flans.
623 546 703 600 Cicer.
728 563 758 614 p.
779 549 874 611 78,15
906 546 954 618 [fr.
972 545 1038 616 10⁶1]
1066 547 1092 598 et

74 615 159 683 paulo
182 617 259 684 post:
285 631 367 678 pupun
385 642 406 678 p.
421 647 455 656 —-
469 631 514 670 fler.
558 619 700 671 Linilinrn
724 619 847 686 sequitur
870 616 1007 688 Nipidiur
1029 617 1091 687 Fip.

74 687 109 752 fr.
126 691 169 742 10.
206 688 240 753 cf.
264 688 322 742 Ter.
343 687 438 742 Scaur.
463 705 493 756 p.
513 692 558 753 32,
571 693 615 741 21.

146 782 160 829 1
180 776 280 844 puerbi
300 777 392 831 Velius
410 777 491 845 pueri
510 780 614 847 (puero)
636 777 729 847 Quint.
803 780 832 831 et
850 793 907 832 non
925 777 1000 830 nulli
1018 776 1092 832 codd.

76 847 170 915 Quint.
191 848 284 902 Velius
378 848 493 915 tpueri
514 848 617 919 Quint,
636 865 686 903 om.
707 849 799 903 Velius
883 847 967 919 fiant]
987 848 1093 902 faciant

80 919 172 972 Velius
245 924 260 972 3
279 918 348 972 lucii
368 919 448 973 Char.
542 922 570 973 ct
589 919 690 973 Lucilli
715 921 807 974 Velius

497 1055 556 1110 10σ
594 1055 659 1111 367

74 1159 91 1216 l.
108 1158 165 1215 IX.
190 1158 353 1216 mendaci
388 1160 532 1235 furique
566 1046 673 1218 a[dded
707 1177 736 1233 e,
773 1178 849 1218 cum
880 1159 966 1218 dare
999 1161 1096 1218 furei

190 1266 341 1306 iusseris

148 1346 240 1416 Quint.
261 1351 286 1411 1,
301 1351 326 1411 7,
342 1352 376 1400 15
400 1347 473 1417 [post
489 1348 526 1414 fr.
542 1348 607 1417 101³]
627 1363 660 1400 ac
679 1347 811 1415 deinceps
829 1347 918 1400 idem:
941 1362 1048 1402 mendaci
1063 1379 1094 1386 -

74 1431 168 1470 iusseris.
202 1418 277 1485 quod
296 1418 410 1486 quidem
430 1436 493 1471 cum
512 1435 715 1486 supervacuum
734 1420 784 1484 est,
804 1417 896 1486 quini
912 1420 974 1471 tam
991 1417 1096 1488 longae

75 1504 159 1556 quarn
178 1488 270 1542 brevis
284 1491 415 1542 naturam
430 1489 525 1556 habet,
545 1495 606 1542 tum
620 1490 827 1544 incommodum
847 1489 1011 1557 aliquando.
1049 1493 1097 1545 hoc

73 1562 226 1627 scripturae
239 1577 325 1630 penus
340 1561 447 1614 Lucilii
460 1568 548 1615 actcte
562 1579 700 1615 conrnune
714 1567 780 1615 crat.
817 1563 952 1629 ceteroqui
966 1562 1097 1616 Lucilius

74 1637 170 1685 contra
188 1633 301 1685 Accium
321 1649 423 1700 semper
441 1649 468 1686 sc
487 1633 626 1686 donrestici
643 1634 727 1687 noris
745 1633 897 1686 studiosum
911 1640 1050 1701 praestat.

147 1727 160 1772 1
181 1719 237 1772 furi

494 1812 554 1876 zoi
580 1813 672 1896 [369]

74 1925 93 1981 l.
108 1923 166 1982 IX.
192 1919 272 1984 ‘hoc
290 1925 349 1983 illi
374 1927 583 1984 factumest
605 1921 692 2000 uni’,
715 1929 821 1984 tenue
844 1926 910 1986 hoc
933 1927 1098 1986 fecissit

190 2009 291 2072 ‘haec
312 2015 395 2073 illei
418 2008 561 2088 fecere’‚
585 2014 693 2073 addes
714 2034 742 2089 o,
765 2019 804 2074 ut
822 2015 995 2092 pinguius
1016 2017 1097 2075 fiat.

154 2113 205 2166 Vel.
222 2114 309 2236 Long.
320 2131 350 2182 p.
368 2117 459 2178 56,10
505 2120 546 2167 ost
558 2113 596 2178 fr.
608 2114 675 2183 10⁶]
695 2113 775 2167 item:
794 2129 837 2168 noo
848 2129 938 2168 —flae
970 2117 1098 2184 seqnitur

74 2184 110 2248 fr.
126 2188 169 2248 10,
189 2185 265 2238 inde:
305 2201 338 2237 oo
352 2184 422 2236 mihi
441 2183 468 2237 vi
490 2187 552 2237 etur
571 2200 795 2253 supervacaneae
811 2201 870 2238 esse
889 2185 1097 2241 observationis

75 2271 95 2307 c.
116 2271 140 2322 q.
162 2271 182 2307 s.

147 2348 162 2394 2
182 2342 231 2396 ille
251 2343 343 2397 facere
416 2344 477 2415 fiat]
496 2343 567 2398 facit

505 2482 545 2536 11
572 2472 665 2556 [371]

142 2584 159 2640 I.
179 2583 238 2641 IX.
283 2603 317 2642 ae
343 2583 500 2660 syllabam,
528 2586 611 2643 cuius
640 2585 801 2679 secundam
824 2604 937 2644 nunce
960 2585 1097 2645 litteram

77 2673 224 2748 ponimus,
248 2674 330 2730 varie
353 2692 406 2749 per
425 2693 443 2732 a
466 2676 526 2732 eti
549 2672 712 2733 efferebant
734 2705 786 2730 --.
824 2675 919 2733 estin
942 2673 1000 2734 hac
1024 2694 1096 2751 quo-

77 2780 135 2836 que
150 2765 235 2835 parte
250 2761 350 2819 Lucili
368 2766 568 2838 praeceptum,
589 2763 668 2838 quod
683 2763 754 2838 quie
771 2763 907 2838 pluribus
927 2763 1098 2840 explicatur

74 2849 221 2924 versibus,
259 2851 285 2908 si
317 2851 383 2924 quis
415 2871 522 2926 parum
559 2851 672 2926 credet,
709 2851 789 2926 apud
821 2853 917 2927 ipsum
951 2854 983 2911 in
1017 2872 1095 2912 nono

75 2940 216 3012 requirat.

149 3036 241 3105 Quini.
262 3041 292 3101 1,
313 3040 342 3102 7,
362 3043 399 3091 18
418 3064 443 3092 ae
460 3055 570 3102 syllabam
585 3071 619 3079 -
634 3054 766 3104 efferebant,
790 3039 906 3107 quidam
930 3055 1042 3109 Semper
1064 3043 1097 3094 Ul

75 3106 184 3171 Graeci,
203 3107 320 3174 quidam
338 3109 520 3179 singulariter
538 3112 657 3174 tantum,
677 3127 740 3163 cum
759 3111 787 3163 in
807 3109 934 3164 dativum
953 3111 997 3164 vel
1012 3127 1095 3181 gene-

74 3178 164 3230 tivum
184 3194 278 3231 casum
297 3179 471 3244 incidissent,
491 3182 565 3235 unde
586 3182 686 3249 ‘pictai
704 3182 800 3235 vestis’
821 3184 849 3235 et
869 3181 978 3249 ‘aquai'
994 3183 1095 3253 Vergi-

74 3249 129 3302 lius
156 3251 366 3304 amantissimus
392 3252 540 3305 vetustatis
568 3253 738 3306 carminibus
769 3252 895 3306 inseruit.
932 3253 963 3306 in
989 3254 1095 3308 eisdem

75 3320 180 3389 plurali
195 3338 310 3374 numero
326 3338 341 3374 e
356 3324 515 3389 utebantur,
533 3325 573 3377 ‘hi
589 3324 691 3390 Sullae,
708 3323 835 3379 Galbae'.
864 3342 897 3378 est
910 3339 936 3378 in
946 3357 979 3364 -
989 3339 1095 3388 requirar

493 3461 556 3516 110⁵
581 3451 678 3537 [arci

207 3560 298 3622 huic
325 3565 532 3628 Terentiae
557 3566 731 3628 Orbilius
754 3559 777 3642 ἢ
800 3563 973 3622 Licinius
