2400 3824
441 191 469 247 C.
488 193 574 247 Iulius
594 193 722 262 Hyginus
1026 194 1090 258 535

142 469 293 544 regionem
313 468 412 541 istam,
434 487 509 543 quae
529 487 607 527 nunc
625 471 750 527 vocatur
767 467 867 542 Italia,
890 487 981 546 regno
1000 467 1090 527 lanus

75 556 217 633 optinuit,
241 558 303 632 qui,
325 560 361 615 ut
384 557 522 635 Hyginus
546 557 742 616 Protarchum
764 557 951 616 lhallianum
974 561 1090 617 secutus

75 646 178 721 tradit,
202 665 269 704 cum
288 644 408 706 Gamese
433 665 526 722 aeque
544 645 685 723 indigena
708 649 819 705 terram
842 647 919 704 hano
936 647 981 704 ita
999 647 1090 721 perti·

76 738 177 810 cipata
199 735 335 810 potentia
357 735 560 811 possidebant,
587 739 622 793 ut
644 737 726 813 regio
752 734 919 810 Camasene,
949 734 1093 811 oppidum

75 825 243 883 Ianiculum
278 825 469 884 vocitaretur.
523 827 593 900 post
625 825 662 883 ad
695 824 801 882 Ianum
835 824 931 883 solum
967 843 1090 902 regnum
1120 843 1132 884 s

74 914 228 972 redactum
247 916 300 988 est,
324 915 375 989 qui
395 914 525 972 creditur
547 913 697 991 geminam
718 914 826 972 faciem
847 913 1034 990 praetulisse,
1057 914 1093 971 ut

77 1021 153 1078 quae
182 1005 250 1060 ante
279 1022 414 1079 quaeque
437 1005 506 1078 post
532 1005 651 1078 tergum
678 1005 776 1062 essent
802 1005 981 1077 intueretur3
1013 1002 1093 1077 quod

76 1092 180 1168 procul
200 1092 289 1150 dubio
305 1093 342 1150 ad
361 1091 552 1167 prudentiam
570 1092 649 1168 regis
665 1092 887 1167 sollertiamque
905 1091 1092 1150 referendum

76 1184 130 1256 est,
159 1183 264 1256 quiet
290 1181 454 1255 praeterita
481 1184 580 1240 nosset
609 1184 638 1239 et
664 1181 767 1240 futura
795 1180 985 1256 prospiceret,
1016 1181 1094 1239 sicut

76 1270 244 1329 Antevorta
282 1273 311 1329 et
347 1270 522 1345 Postvorta,
564 1270 732 1328 divinitatis
769 1271 882 1330 scilicet
920 1270 1093 1345 aptissimae
1108 1289 1134 1329 ro

76 1361 209 1432 comites,
238 1360 318 1435 apud
340 1359 490 1419 Romanos
519 1360 666 1418 coluntur.
712 1360 760 1417 hic
783 1360 877 1437 igitur
899 1358 999 1433 Ianus,
1026 1377 1094 1418 cum

77 1448 241 1507 Saturnum
269 1449 362 1507 classe
390 1451 562 1524 perrectum
593 1451 754 1524 excepisset
781 1448 912 1524 hospitio
941 1450 970 1506 et
998 1447 1035 1505 ab
1059 1467 1093 1506 eo

76 1538 199 1596 edoctus
229 1539 369 1612 peritiam
392 1540 469 1597 ruris
493 1537 589 1596 ferum
611 1538 698 1595 illum
721 1543 751 1596 et
774 1538 877 1596 rudem
902 1541 970 1595 ante
993 1537 1093 1615 fruges

77 1628 212 1704 cognitas
237 1629 349 1685 victum
373 1629 403 1685 in
427 1626 533 1686 melius
556 1627 728 1704 redegisset,
753 1629 837 1703 regni
861 1646 928 1684 eum
952 1627 1093 1686 societate

77 1717 252 1774 muneravit.
304 1735 371 1774 oum
398 1717 512 1792 primus
543 1735 660 1791 quoque
689 1734 758 1774 aera
786 1718 931 1792 signaret,
962 1715 1094 1774 servavit
1109 1733 1134 1774 rs

79 1808 109 1864 et
127 1807 159 1862 in
178 1804 233 1863 hoc
249 1803 371 1863 Saturni
389 1805 595 1878 reverentiam,
619 1808 653 1863 ut
672 1805 813 1880 quoniam
831 1804 882 1862 ille
900 1805 972 1863 navi
994 1805 1094 1862 fuerat

79 1894 232 1967 advectus,
265 1914 299 1952 ex
329 1913 389 1952 una
419 1893 539 1970 quidem
567 1897 653 1970 perte
684 1893 730 1952 sui
760 1896 867 1969 capitis
900 1893 1027 1970 effigies,
1059 1912 1095 1951 ex

80 1983 175 2042 altera
198 2002 268 2041 vero
291 1985 376 2041 navis
400 1985 621 2058 exprimeretur,
645 2001 703 2059 quo
725 1981 847 2041 Saturni
869 1985 1044 2041 memoriam
1062 1984 1094 2039 in

76 2075 212 2148 posteros
240 2075 429 2148 propagaret.
454 2105 496 2112 -
525 2090 592 2130 cum
619 2072 697 2130 inter
724 2072 798 2130 haec
825 2071 923 2130 subito
948 2071 1093 2130 Saturnus

77 2181 138 2220 non
152 2161 374 2236 comparuisset,
389 2161 570 2238 excogitavit
581 2160 672 2219 Ianus
687 2161 832 2220 honorum
847 2161 909 2219 eius
925 2162 1094 2238 augmenta.
1109 2180 1136 2220 ro

77 2269 113 2309 ac
127 2252 257 2325 primurn
275 2253 387 2309 terram
401 2269 518 2308 omnem
537 2251 648 2309 dicioni
666 2269 736 2309 suae
751 2252 904 2326 parentem
920 2249 1093 2308 Saturniam

77 2340 253 2413 nominavit,
278 2358 360 2397 aram
380 2339 484 2398 deinde
504 2358 571 2399 cum
590 2340 681 2398 sacris
700 2343 854 2415 tamquam
873 2338 928 2396 deo
951 2337 1093 2412 condidit,

77 2447 155 2503 quae
179 2427 351 2487 Saturnalia
374 2428 548 2487 nominavit.

150 2520 273 2573 Macrob.
290 2523 315 2584 1,
330 2523 355 2584 7,
371 2522 405 2572 19
419 2531 533 2581 regionem
547 2550 574 2557 -
587 2535 725 2581 propageret.
741 2550 767 2557 -
783 2543 834 2571 cnm
852 2532 950 2572 inter-
963 2531 1094 2571 nomlnarlt

550 2653 591 2709 18
632 2655 651 2709 7

144 2758 177 2815 hi
210 2751 353 2836 [Pelospc']
386 2758 477 2832 primi
505 2645 629 2816 ltaliani
652 2645 788 2815 lenuisse
820 2756 1022 2832 perhibentur.
1052 2788 1092 2797 -

78 2847 216 2923 Hyginus
240 2847 314 2905 dicit
332 2846 472 2924 Pelasgos
496 2865 559 2906 esse
579 2847 631 2921 qui
649 2846 795 2922 Tyrrheni
818 2849 895 2904 sunt.
923 2846 979 2904 hoc
1003 2845 1094 2904 etiam

77 2935 174 2994 Varro
199 2930 250 3014 [fr.
272 2929 349 3014 400]
374 2938 592 2994 commemorat.

149 3026 221 3081 Sero.
237 3027 335 3095 (Dua.)
350 3027 419 3080 Aeo.
435 3030 463 3091 8,
476 3029 530 3079 600
552 3039 577 3079 m
591 3058 617 3064 —
631 3040 717 3088 perure.
731 3057 758 3064 —
771 3039 877 3089 Hyglnur
890 3057 917 3064 -
930 3042 1094 3079 commemoras

75 3099 111 3164 cf.
131 3098 250 3166 Dionys.
265 3098 303 3151 H.
324 3102 349 3163 1,
363 3101 408 3152 25.

529 3214 570 3270 19
610 3214 629 3269 9

147 3317 251 3377 Sabini
274 3338 291 3375 a
314 3289 554 3378 Lacedaemoniis
583 3205 728 3395 olidinem
751 3318 871 3392 ducunt,
898 3321 932 3375 ut
956 3317 1094 3393 Hyginus

78 3409 123 3466 ait
147 3407 182 3466 de
206 3408 320 3485 origine
343 3407 462 3466 urbium
484 3408 662 3480 italicarum,
687 3426 704 3465 a
728 3405 816 3482 Sabo,
839 3407 891 3482 qui
914 3407 950 3465 de
973 3404 1094 3463 Perside

78 3497 327 3556 Lacedaemonios
346 3499 494 3555 transiens
509 3496 548 3554 ad
561 3496 682 3555 Italiam
699 3497 783 3555 venit
798 3499 828 3554 et
842 3496 971 3570 expulsis
987 3493 1094 3553 Siculis

76 3587 176 3645 tenuit
199 3586 265 3646 loca
284 3604 359 3661 quae
380 3584 483 3644 Sabini
505 3586 624 3644 habent.
663 3605 731 3645 nam
751 3588 781 3644 et
801 3587 919 3662 partem
937 3583 1092 3642 Persarum
