2400 3824
516 173 544 228 C.
564 173 688 228 Lucilius

533 346 575 401 49
600 337 671 422 [88]

133 465 310 525 Graecum
345 470 397 541 te,
439 467 587 541 Albuci,
630 487 732 542 quam
769 469 963 527 Romanum
1005 470 1113 543 atque

897 557 1079 632 Sabinum,

134 645 353 720 municipem
375 645 496 718 Ponti,
521 646 678 720 Tritani,
702 645 966 721 centurionum,

135 734 406 809 praeclarorum
450 735 633 794 hominum
678 753 718 794 ac
762 735 959 812 primorum
1004 737 1112 812 signi-

895 825 1089 900 ferumque,

135 912 303 970 maluisti
327 913 407 972 dici.
454 931 580 990 graece
604 932 688 990 ergo
711 915 859 988 praetor
881 913 1047 987 Athenis,

136 1001 174 1058 id
193 1001 286 1076 quod
305 1003 484 1077 maluisti,
507 1005 554 1077 te,
579 1021 654 1061 cum
674 1002 786 1061 adme
806 1002 959 1078 accedis,
979 1003 1112 1062 saluto:
1141 1022 1153 1062 s

135 1091 278 1164 chaere,
314 1092 470 1166 inquam,
505 1092 594 1150 Tite.
650 1092 813 1168 lictores,
850 1095 967 1150 turma
999 1091 1113 1150 omnis

897 1181 1112 1256 chorusque:

137 1257 295 1344 ‘chaere,
328 1264 428 1329 Tite'
475 1270 558 1328 hinc
588 1271 705 1329 hostis
735 1271 783 1330 mi
809 1269 998 1343 Albucius,
1030 1270 1112 1328 hinc

895 1377 1074 1417 1n1mlous.

163 1457 218 1511 Cic.
239 1457 271 1511 de
288 1458 336 1524 fic.
352 1463 377 1523 1,
391 1462 409 1511 8
426 1473 471 1510 res
486 1473 550 1510 vero
564 1457 652 1511 bonas
671 1457 763 1511 verbis
779 1457 876 1510 clectis
895 1457 1018 1525 graviter
1033 1473 1113 1511 orna-

85 1531 178 1595 teque
201 1528 292 1582 dictas
315 1529 378 1596 quis
401 1545 457 1582 non
476 1528 574 1597 legat?
606 1529 662 1582 nisi
680 1530 729 1596 qui
749 1545 778 1582 se
796 1528 881 1596 plane
900 1527 1036 1583 Graecum
1056 1527 1113 1581 dici

85 1599 174 1666 velit,
196 1601 229 1652 ut
252 1615 269 1652 a
292 1599 426 1653 Scaevola
449 1602 492 1653 cst
514 1601 644 1667 praetore
667 1599 807 1653 salutatus
829 1600 948 1652 Athenis
968 1599 1112 1654 Albucius.

86 1687 176 1740 quem
199 1671 313 1738 quidem
336 1669 429 1724 locum
452 1689 515 1724 cum
538 1670 628 1724 multa
651 1673 798 1724 venustate
817 1673 845 1724 et
864 1671 941 1724 omni
960 1670 1018 1724 sale
1036 1671 1113 1724 idem

86 1741 229 1808 Lucilius,
258 1742 333 1810 apud
362 1759 445 1809 quem
472 1742 616 1810 praeclare
644 1741 790 1797 Scaevola:
820 1756 930 1796 Graecum
949 1774 982 1781 —
1002 1757 1112 1796 mimicus.

84 1817 274 1870 litteratorum
301 1815 387 1882 plane
417 1812 584 1868 Graecorum
611 1815 727 1868 insacia
753 1814 841 1882 lepide
868 1815 1038 1884 ottarpatar.
1081 1814 1113 1866 dc

85 1887 268 1942 collocatione
287 1885 321 1951 cf.
336 1886 372 1951 fr.
388 1889 432 1938 47,

164 1979 180 2026 2
208 1973 300 2042 pontii
389 1974 501 2027 tritanii
528 1975 622 2028 Patet.
642 1977 714 2028 m.2
740 1975 859 2045 Erlacp.
888 1973 1001 2026 tritunii
1025 1975 1112 2028 Vatic.

87 2046 191 2100 tiranii
206 2047 299 2099 Putat.
315 2063 349 2100 m.
365 2051 388 2100 1.
465 2051 480 2098 6
500 2062 563 2099 care
579 2047 698 2116 Erlcnp.
763 2046 916 2112 cohorsque
932 2046 1114 2100 PMuautius

89 2122 107 2171 7
129 2118 185 2171 cite
210 2117 297 2172 Vatia.
388 2116 435 2170 hic
454 2119 763 2188 Palat.m.1Erlaap.
789 2117 868 2171 Vatis

510 2357 553 2416 so
577 2352 693 2436 [1284]

136 2483 218 2558 quis
250 2483 341 2541 hunc
373 2501 516 2542 currere
549 2501 673 2557 equom
705 2500 768 2541 nos
801 2484 909 2557 atque
946 2482 1113 2556 equitare

895 2569 1067 2643 videmus,

136 2661 194 2721 his
214 2662 358 2736 equitat
381 2661 575 2736 curritque.
614 2660 729 2718 oeulis
749 2661 915 2735 equitare
938 2658 1113 2716 videmus:

137 2769 222 2828 ergo
247 2750 361 2808 oculis
386 2752 536 2825 equitat.

167 2867 234 2921 Geli.
255 2871 305 2932 18,
325 2870 356 2932 5,
374 2871 392 2920 8
414 2865 547 2934 pleraque
571 2867 647 2920 enim
669 2866 794 2918 veterum
818 2865 896 2917 aetas
920 2865 949 2917 et
971 2863 1114 2918 hominem

89 2954 165 3005 equo
192 2937 362 2992 insidentem
382 2939 410 2991 et
434 2954 536 3004 equum
555 2937 604 3004 qui
627 2937 796 2990 insideretur
819 2936 944 3002 equitem
969 2935 1113 3002 dixerunt3

88 3011 242 3078 propterea
264 3009 390 3076 equitare
410 3009 509 3074 etiam,
533 3007 609 3075 quod
627 3007 741 3061 verbum
761 3023 776 3061 8
794 3006 930 3060 vocabulo
949 3007 1052 3073 equitis
1071 3007 1114 3058 in-

90 3081 231 3135 clinatum
249 3082 301 3146 est,
321 3081 446 3133 ethome
461 3096 532 3149 equo
546 3082 627 3133 utens
643 3081 672 3132 et
686 3095 773 3146 equus
789 3078 840 3132 sub
854 3078 967 3132 homine
981 3078 1113 3148 gradiens

90 3152 249 3206 dicebatur.
290 3151 413 3206 Lucilius
438 3151 508 3205 adeo
527 3151 569 3204 vir
592 3150 720 3219 adprime
743 3150 858 3218 linguae
880 3149 998 3203 Latinae
1023 3149 1113 3202 sciens

90 3240 197 3291 equum
221 3223 348 3290 equitare
367 3223 437 3276 dicit
456 3222 500 3276 his
519 3221 657 3276 versibus:
681 3236 779 3284 quis-
794 3235 885 3283 equitas.
918 3221 992 3275 Non.
1003 3238 1034 3289 p.
1050 3224 1114 3285 106,

90 3299 127 3349 31
148 3295 276 3362 equitare
295 3311 406 3362 quoque
424 3293 547 3347 Lucilius
567 3309 647 3348 ecum
666 3293 744 3357 dicit,
764 3309 827 3345 cum
847 3291 1019 3345 sithominis
1034 3307 1114 3344 ecum

91 3367 201 3438 [seeum
214 3367 304 3437 codd]
322 3365 485 3420 insidentis:
500 3379 550 3427 quis
564 3396 597 3404 —
613 3379 690 3418 oeulis.
719 3365 843 3418 Macrcb.
860 3368 886 3428 6,
901 3367 927 3429 9,
942 3368 975 3416 11
989 3361 1113 3415 Lucilius

90 3453 215 3505 namque
240 3437 283 3490 vir
310 3436 437 3504 adprime
464 3435 579 3505 linguae
606 3436 727 3491 Latinae
755 3434 832 3492 scius
860 3451 971 3504 equum
996 3432 1132 3501 sumtum

88 3509 161 3559 dicit
180 3507 236 3558 hoc
262 3523 353 3561 versu:
378 3525 483 3576 nempe
507 3524 622 3566 suno-
638 3526 754 3568 videmus.
794 3511 995 3584 sophistarum
1020 3502 1154 3569 saeptam

66 3581 181 3638 poetam
198 3574 322 3629 deradere
338 3579 479 3638 satellem'r
495 3582 638 3659 Scaliper.
673 3587 715 3658 cf.
728 3607 756 3645 o.
776 3591 852 3644 1117
874 3585 944 3642 Mu.

113 3665 282 3708 Grammaticus
300 3673 424 3718 Romanae
443 3683 591 3734 fragmenta
613 3694 651 3736 ed.
675 3695 823 3738 meou
929 3680 952 3729 4
