2400 3824
102 167 145 231 32
283 167 489 222 Grammaticus
509 169 759 223 antevarronianae
777 168 937 238 fragmenta

175 329 250 382 Mor.
272 329 338 383 Vict.
357 347 383 397 p.
403 334 429 396 8,
445 335 478 382 11
497 343 557 383 mem
572 361 606 369 —
620 344 712 394 metuit,
745 330 819 396 quod
839 344 929 398 aeque
949 327 1032 399 [quia
1051 345 1120 396 quae

101 400 178 453 codd.
199 415 370 467 quamquam
389 400 463 472 <id>
482 402 523 454 oei
539 400 654 473 <illud>
675 401 782 454 Bitschi
800 404 960 468 op.4‚141.
982 404 1038 454 159
1056 401 1121 467 quie

101 487 192 605 nequp
206 473 354 606 {licinia
369 472 588 605 reiislizaehrm]
607 473 673 525 anie
691 471 816 526 fecerant
832 471 956 525 Naevius
973 473 1003 525 et
1019 470 1120 525 Livius.

174 643 280 696 Ritsehi
299 645 353 709 (op.
370 645 476 707 4,166.
496 645 552 696 492
571 641 636 694 adn.
653 645 722 707 687)
746 641 826 695 Accii
849 641 1014 694 auctoritati
1032 640 1124 694 uindi-

101 714 207 767 candos
234 731 287 768 esse
311 714 469 781 suspicetur
490 713 649 767 huiusmodi
670 713 823 780 scripturas
846 728 911 778 qum
936 727 1009 778 qura
1034 727 1123 780 pequs

101 785 225 851 pequnia
234 783 394 853 pequlatus,
409 801 478 852 quoe
491 786 644 851 frequenter
658 785 690 836 in
704 784 884 837 monumentis
894 790 960 850 post
971 801 997 836 u.
1005 781 1124 852 6207134

101 858 277 923 reperiuntur
300 856 344 924 (of.
365 856 539 922 Brambocli,
565 857 691 925 Neupest.
712 855 737 909 d.
753 855 817 908 Lot.
835 854 908 908 Orth.
920 871 969 922 pp.
985 858 1032 908 21.
1047 857 1125 921 221),

101 944 158 980 non
186 929 267 982 aliter
294 944 327 980 oc
354 945 381 980 m
410 929 515 981 litterae
543 928 575 979 in
601 927 727 981 extremis
753 927 891 980 uocabulis
914 926 1040 980 adiectae
1062 942 1124 980 eon-

101 1000 241 1052 stantium.

448 1231 490 1316 O.
523 1229 775 1316 LUOILIUS

448 1436 486 1501 A.
506 1434 776 1501 TESTIMONIA

104 1520 214 1574 VITAE

175 1633 199 1681 1.
222 1629 325 1684 Guium
344 1646 511 1698 praenomen
533 1637 668 1684 testantur
688 1630 780 1684 Cicero
798 1629 959 1695 identidem,
988 1629 1128 1697 Apuleius

104 1701 291 1770 Hieronymus
315 1702 383 1766 (test.
399 1706 428 1768 5)
435 1722 445 1767 ;
467 1703 600 1770 ceteroqui
625 1702 779 1756 ‘Lucilius’
803 1703 844 1755 oei
869 1701 1011 1755 ‘Lucilius
1032 1700 1124 1769 poetn’

103 1772 263 1838 sinipliciter
282 1773 424 1839 reperitur.

175 1846 201 1895 2.
231 1845 325 1897 quen.
356 1848 443 1909 1,19
491 1861 542 1911 per
575 1859 659 1910 quem
693 1844 851 1915 [campum]
885 1859 1005 1912 magnus
1040 1859 1127 1911 equos

103 1913 252 1968 Auruncae
275 1914 354 1967 flexit
377 1914 519 1979 alumnus,
543 1916 591 1969 ubi
613 1916 693 1968 schol.
736 1914 875 1968 Lucilium
899 1915 1031 1985 [Lucium
1055 1915 1126 1985 eoi]

104 1985 257 2052 satyricum
275 1985 346 2038 dicit
364 1987 413 2052 qui
432 1985 486 2039 fuit
504 1986 659 2039 Auruncus¹
692 1987 726 2054 cf.
742 1988 848 2040 Auson.
868 1987 943 2054 epist.
959 1986 998 2039 nd
1016 1986 1125 2041 Petrai.

103 2063 153 2109 sot.
173 2058 265 2124 script.
281 2074 311 2124 p.
328 2061 380 2110 173
400 2057 458 2112 sm.
473 2061 529 2110 237
549 2059 625 2125 Peip.
645 2059 678 2111 de
696 2058 840 2111 Auruncis
863 2063 897 2124 et'.
917 2058 1037 2123 Nissen,
1061 2057 1125 2112 Ital.

104 2128 307 2181 Lundeslcunde
325 2128 362 2180 2²
382 2129 466 2196 (Berl.
482 2132 563 2196 1902)
579 2147 608 2197 p.
625 2133 725 2196 ooosq.

176 2203 200 2250 3.
221 2199 306 2252 Schol.
323 2200 360 2252 ud
375 2201 445 2253 Hor.
459 2217 535 2253 serm¹
551 2203 583 2264 2,
598 2206 623 2265 1,
637 2205 674 2254 20
693 2199 749 2252 fuit
767 2199 848 2252 valde
867 2197 972 2252 nobilis
991 2199 1125 2265 Lucilius,

103 2271 215 2336 utpote
231 2270 279 2336 qui
294 2272 368 2322 esset
382 2270 479 2340 Magni
494 2271 610 2339 Pompei
625 2289 700 2324 avus.
729 2271 760 2324 id
773 2272 840 2325 ibid.
853 2275 888 2323 75
902 2270 992 2323 fertur
1000 2271 1125 2324 Lucilius

104 2341 259 2394 avunculus
275 2340 362 2394 fuisse
376 2341 491 2410 Pompei
506 2342 611 2412 Magni.
641 2344 775 2412 Porphyr.
787 2343 853 2396 ibid.
866 2345 901 2395 75
921 2344 1036 2396 constat
1051 2341 1125 2396 enim

103 2411 243 2464 Lucilium
263 2412 475 2484 (avunculum)
494 2413 630 2467 maiorem
648 2413 765 2481 Pompei
783 2411 883 2479 fuiss63
917 2415 947 2466 et
966 2413 1045 2466 enim
1064 2414 1125 2466 avia

77 2475 88 2513 ⁵
103 2482 219 2552 Pompei
236 2483 337 2536 Lucilii
356 2500 433 2537 soror
452 2484 551 2538 fuerat
587 2486 650 2540 Veli.
667 2487 730 2539 Put.
745 2488 773 2549 2,
787 2487 866 2550 29,2
889 2483 945 2536 fuit
963 2483 1012 2537 hic
1032 2485 1124 2555 [Poru-

99 2555 192 2625 peius]
212 2555 324 2624 genitus
343 2557 433 2608 matre
451 2556 560 2608 Lucilia
579 2556 674 2624 stirpis
694 2556 859 2610 senatoriae.
897 2556 930 2609 de
948 2573 1039 2610 errore
1057 2557 1124 2610 Por-

99 2627 247 2696 phyrionis
266 2628 301 2693 cf.
317 2629 415 2692 Maru,
435 2629 525 2681 Iuioil.
540 2629 597 2684 rell.
611 2645 638 2696 p.
655 2629 733 2681 XIX
738 2649 748 2694 ;
766 2645 832 2680 rinin
851 2627 981 2681 Inioilius
1001 2627 1126 2696 Pompeii

99 2705 221 2766 patruus
240 2715 357 2768 riiopnus
374 2700 439 2764 fuit.

174 2791 199 2839 4.
220 2788 336 2840 Hieron.
357 2788 394 2840 ud
413 2805 438 2840 u.
459 2789 525 2842 Abr.
542 2791 616 2841 1869
631 2788 676 2858 [eu
690 2788 746 2841 eod.
763 2788 895 2853 Amani,
909 2803 943 2840 eu
957 2787 1025 2841 aliis
1039 2787 1124 2858 1870]

104 2883 137 2900 =
154 2858 296 2928 6067148,
321 2857 448 2929 6077147
466 2859 589 2912 Lucilius
608 2862 693 2927 poeta
711 2859 843 2912 nascitur.
877 2859 926 2912 hoc
945 2875 979 2912 eie
997 2859 1066 2914 aliis
1083 2860 1125 2911 in·

103 2929 184 2982 dioiis
204 2929 286 2994 (Veli.
302 2930 365 2982 Pet.
380 2933 408 2995 2,
423 2934 448 2994 9,
463 2934 488 2984 3.
524 2929 591 2984 Geli.
608 2934 653 2996 17,
667 2934 712 2996 21,
727 2935 763 2985 49
777 2957 810 2975 =
825 2936 881 2985 test.
896 2934 922 2983 8.
958 2931 1085 2985 Maerob.
1100 2933 1125 2995 3,

103 3004 140 3052 16
146 3041 152 3064 ,
167 3004 215 3067 147
240 3001 344 3066 salsum
367 3017 420 3054 esse
444 3007 573 3070 apparet;
597 3019 681 3070 quare
700 3003 824 3069 Hauptii
838 3001 989 3069 probanda
1006 3008 1047 3055 est
1064 3018 1124 3055 con·

103 3071 221 3136 iectura,
251 3088 307 3138 quo
330 3073 365 3125 A.
386 3073 558 3126 Postumium
581 3075 714 3127 Albinum
739 3073 767 3128 0.
789 3073 973 3141 Calpurnium
996 3073 1125 3127 Pisonem

104 3159 130 3195 o.
155 3141 281 3213 5747180
308 3144 429 3197 consules
456 3159 516 3196 cum
548 3143 595 3211 Sp.
614 3145 757 3199 Postumio
786 3145 888 3198 Albino
917 3145 950 3197 L.
972 3142 1125 3213 Calpurnio

104 3214 205 3268 Pisone
229 3231 254 3267 a.
275 3215 404 3284 6067148
428 3231 492 3269 coss.
513 3216 548 3269 ab
572 3215 742 3284 Hieronymo
760 3221 932 3283 permutatos
950 3231 1005 3269 esse
1028 3216 1127 3270 statuit

105 3284 210 3354 (Fleuit.
229 3286 510 3339 Jamoo.107.1873
526 3304 554 3354 p.
572 3290 615 3340 72.
631 3290 703 3356 365).

176 3360 201 3410 5.
222 3358 336 3411 Hieron.
353 3359 390 3410 ool
405 3375 430 3410 u.
446 3359 513 3411 Abr.
529 3361 601 3411 1915
621 3359 674 3426 [eu.
693 3358 750 3412 eoi.
766 3358 896 3423 Amani,
916 3374 950 3410 eu
967 3357 1125 3440 rell1914]

105 3453 138 3470 =
155 3427 297 3498 0527102,
313 3428 438 3498 6537101
457 3427 544 3481 Gaius
559 3428 682 3482 Lucilius
698 3432 856 3482 saturarum
870 3428 991 3496 scriptor
1004 3427 1126 3498 Neapoh

85 3498 212 3550 mom‘tur
233 3515 268 3552 ac
288 3499 410 3569 publico
429 3500 531 3556 funere
552 3499 670 3557 effertur
689 3519 763 3555 anns
782 3498 995 3554 aetaimlffi.
1022 3501 1059 3564 cf.
1071 3499 1128 3554 (lic.

70 3562 108 3612 ‘³⁷⁶'
124 3575 305 3634 Orat-1272.
324 3579 356 3641 2,
371 3579 420 3631 25.
443 3580 555 3646 3,171.
590 3577 627 3632 de
645 3576 722 3645 falso
742 3590 820 3629 anno
840 3571 940 3624 ostatis
959 3569 1071 3631 sitast.
1083 3573 1112 3619 l,
