2400 3824
113 164 178 228 266
260 164 466 218 Grammaticae
485 165 586 218 aetatis
604 163 796 218 Varronianee
814 162 977 234 fragmenta

112 335 175 391 iam
197 334 329 408 perfecta
352 351 414 393 esse
438 334 643 410 grammatica,
666 333 719 392 sed
742 333 814 409 quia
836 333 902 408 ipso
921 333 1045 391 nomine
1068 351 1130 408 pro·

73 440 99 481 10
114 422 193 481 fiten'
211 441 242 481 se
260 423 376 482 litteras
400 423 520 496 clamat,
542 422 620 480 unde
639 424 731 481 etiam
748 423 842 480 latine
865 422 1045 480 litteratura
1063 419 1130 480 dici·

114 515 173 585 tur,
196 512 308 570 factum
327 514 425 570 estut
444 511 586 587 quicquid
605 511 730 588 dignum
748 512 893 569 memoria
914 509 1029 569 litteris
1052 529 1129 569 men·

115 601 244 675 daretur,
268 601 306 658 ad
329 619 395 659 eam
418 603 584 659 necessario
608 601 777 676 pertineret.

187 719 303 788 Aeque.
319 718 350 770 de
364 716 422 770 ord.
437 720 465 783 2,
480 721 523 782 12,
538 721 573 771 35
591 715 663 769 illud
681 716 757 783 quod
775 716 804 769 in
823 715 904 769 nobis
923 717 968 770 est
985 713 1131 778 rationale,

114 789 146 842 id
169 790 211 842 eat
234 788 309 855 quod
332 787 441 841 ratione
464 788 554 840 utitur
577 789 605 840 et
625 785 808 842 rationabilia
825 786 870 840 vel
887 786 960 840 facit
978 785 1025 839 vel
1044 785 1132 854 eequi-

114 863 170 925 tur,
184 891 219 899 —
233 859 304 912 vidit
323 876 383 911 esse
401 859 572 928 imponenda
589 858 671 912 rebus
690 857 826 913 vocabula
839 858 869 911 id
885 860 927 911 est
941 856 1132 927 significantes

115 931 253 999 quosdam
272 947 362 995 sonos,
381 932 413 982 ut
432 929 564 997 quoniam
583 929 687 983 sentire
707 929 815 984 animos
834 946 897 983 suos
916 946 975 984 non
992 930 1132 997 poterant,

116 1003 153 1056 ad
177 1019 223 1056 eos
247 1001 302 1054 sibi
325 1000 495 1070 copulandos
520 1017 602 1054 sensu
621 1001 703 1068 quasi
721 1001 874 1070 interprete
892 1002 1049 1055 uterentur.
1086 999 1133 1053 sed

116 1088 190 1128 audiri
204 1105 230 1112 -
244 1091 315 1127 voest.
335 1104 368 1112 -
392 1073 501 1126 notavit
529 1073 615 1126 etiam
642 1072 699 1126 ista
731 1073 836 1143 [apetie
863 1072 1004 1140 temporis,
1038 1073 1134 1141 qesta

116 1147 214 1215 zoarae
234 1146 372 1213 breveque
389 1146 511 1214 cyllabae
529 1145 720 1271 tenderentur}
735 1146 764 1197 et
782 1144 812 1197 in
830 1143 944 1211 regulas
963 1144 1056 1197 certas
1080 1142 1134 1196 dis·

116 1215 219 1285 posuit.
247 1228 564 1278 pometiam-pertineret.
592 1217 682 1284 Asper
725 1215 784 1270 GK
797 1215 924 1281 V547,5
947 1213 1134 1285 grammatica

117 1289 160 1341 est
178 1287 297 1340 scientia
314 1288 390 1340 recte
410 1285 550 1340 scribendi
564 1289 593 1340 et
608 1286 773 1340 enuntiandi
792 1285 1058 1354 interpretandique
1070 1301 1134 1354 poe·

116 1361 162 1412 tas
187 1357 231 1411 vel
256 1357 404 1411 historiam
429 1356 551 1411 formata
577 1359 630 1430 [ita
654 1359 764 1426 scripsi:
790 1359 889 1426 poetas
912 1373 964 1425 per
986 1356 1135 1410 historiam

118 1429 268 1483 formatam
286 1430 343 1484 cod.
361 1429 439 1483 Goth.
473 1429 733 1497 interpretandique
752 1430 845 1484 ederis
858 1429 965 1483 emesa
980 1429 1082 1499 Vatia]
1101 1426 1135 1482 ad

118 1519 199 1553 usum
222 1500 413 1567 rationemque
437 1500 596 1565 verborum,
620 1517 705 1568 quam
724 1499 871 1554 Terentius
895 1499 948 1572 [et]
967 1497 1058 1553 Varro
1081 1497 1135 1568 pri-

118 1589 195 1625 mum
214 1573 246 1624 ut
264 1572 356 1625 adhuc
374 1571 473 1624 rudem
492 1571 665 1640 appellatam
684 1588 744 1625 esse
759 1570 829 1624 dicit
842 1570 1036 1624 litteraturam
1050 1569 1136 1642 [litte

118 1643 257 1696 rationem
281 1642 456 1713 Wslmanres}
493 1644 562 1697 leid.
581 1661 619 1698 or.
636 1649 661 1711 1,
677 1648 733 1709 3,1
756 1642 911 1711 primordie
933 1641 1136 1712 grmmaticac

120 1714 189 1767 artis
207 1713 318 1767 litterae
338 1731 496 1768 communes
516 1714 652 1781 existunt,
676 1731 746 1782 quas
769 1713 878 1767 librarii
901 1714 930 1767 et
954 1713 1137 1767 calculatores

120 1787 259 1839 secuntur.
310 1801 429 1853 quarum
461 1786 592 1856 [quorum
618 1786 672 1857 cp]
706 1784 857 1854 disciplina
888 1783 966 1838 velut
998 1783 1138 1854 quaedam

120 1857 322 1926 grammaticae
337 1856 405 1909 artis
419 1856 541 1910 infantia
554 1859 609 1922 est3
623 1857 698 1910 unde
713 1859 742 1910 et
755 1874 817 1910 eam
831 1855 920 1910 Varro
934 1855 1138 1910 litterationem

121 1930 210 1982 vocat.
245 1932 279 1994 ct'.
294 1929 332 1982 td.
348 1933 373 1994 1,
387 1933 412 1994 5,
428 1932 451 1981 1.
487 1930 573 1982 Mart.
591 1928 656 1998 Gap.
672 1933 698 1996 3,
711 1932 768 1983 229
786 1927 962 1997 γραμματικὴ
986 1927 1067 1982 dicor
1090 1927 1138 1998 [lo-

121 2001 216 2068 quitar
233 1999 424 2070 qrammotica]
444 1999 473 2051 in
489 1998 614 2066 Graecia,
634 1999 709 2068 quod
727 1997 838 2082 γραμμὴ
857 1998 934 2052 linea
948 2000 977 2051 et
991 1997 1139 2068 γράμματα

120 2070 232 2124 litterae
250 2072 446 2138 nuncupentur
463 2071 589 2140 mihique
608 2071 645 2124 sit
664 2070 838 2124 adtnbutum
856 2069 1017 2124 litterarum
1035 2069 1139 2124 formas

121 2142 243 2210 propriis
266 2140 397 2194 ductibus
420 2140 532 2196 lineare.
570 2142 690 2210 hincque
713 2141 784 2195 mihi
802 2140 938 2196 Romulus
961 2139 1139 2194 litteraturae

122 2229 224 2266 nomen
247 2212 391 2281 ascripsit,
420 2213 546 2280 quamvis
570 2213 708 2268 infantem
726 2231 771 2266 me
793 2212 997 2266 litterationem
1022 2210 1141 2266 voluerit

122 2300 296 2352 nuncupare,
320 2283 360 2336 sic
383 2286 415 2337 ut
438 2284 514 2352 apud
533 2283 652 2338 Graecos
676 2283 895 2354 γραμματιστική
913 2283 1046 2352 primitus
1066 2281 1141 2336 voci·

123 2355 212 2409 tahar.
257 2356 349 2410 Diem.
366 2373 395 2424 p.
414 2359 514 2422 421,9
542 2356 646 2408 artium
673 2372 776 2426 genera
804 2357 870 2408 sunt
897 2354 988 2424 plura,
1022 2372 1141 2424 quarum

123 2427 306 2498 grammatice
325 2425 386 2480 sola
403 2425 536 2481 litteralis
556 2428 606 2492 est,
625 2443 659 2480 ex
679 2443 734 2494 qua
752 2426 891 2480 rhetorice
908 2428 937 2479 et
950 2426 1062 2494 poetice
1078 2443 1141 2480 con-

124 2499 240 2565 sistunt;
263 2497 369 2551 idcireo
392 2497 524 2552 litteralis
548 2497 634 2564 dicta,
657 2499 734 2567 quod
752 2515 769 2550 a
787 2497 890 2550 litteris
909 2497 1038 2566 incipiat.
1077 2514 1142 2550 nam

125 2572 153 2624 et
172 2569 371 2640 grammaticus
390 2569 478 2622 latine
497 2569 638 2623 litterator
657 2571 699 2622 est
720 2568 879 2637 appellatus
904 2570 932 2621 et
955 2567 1142 2636 grammatica

124 2641 292 2707 litteratura,
316 2658 387 2708 quae
406 2641 525 2694 formam
543 2640 677 2708 loquendi
696 2641 733 2693 ad
752 2641 857 2694 certam
874 2639 1014 2694 rationem
1034 2638 1142 2710 dirigit.

124 2713 159 2779 cf.
177 2712 390 2782 Quiot.2,1,4.
418 2713 451 2765 dc
469 2713 578 2767 cecatus
598 2712 750 2767 ‘litteratis’
771 2718 797 2766 et
816 2711 996 2766 ‘litterature’
1017 2712 1053 2778 cf.
1073 2711 1143 2766 Wil-

123 2801 224 2838 moaoe
241 2785 325 2852 Steep
343 2785 406 2852 Jeep
424 2784 491 2838 thid.

552 2972 619 3029 236
643 2963 714 3048 [93]

194 3111 406 3189 grammaticae
425 3111 532 3186 officia,
551 3113 585 3170 ut
600 3113 711 3171 adserit
724 3112 830 3185 Varro,
849 3114 987 3170 constant
1005 3112 1039 3168 in
1051 3109 1144 3186 perti-

127 3201 182 3260 bus
193 3203 344 3276 quattuor,
358 3202 485 3260 lectione
496 3203 683 3260 enarratione
698 3199 903 3259 emendatione
912 3199 1033 3282 iudicio.
1057 3198 1145 3258 lectio

128 3295 173 3350 est
196 3323 238 3331 —
258 3290 342 3348 varia
365 3290 507 3365 cuiusque
531 3291 635 3365 scripti
658 3291 824 3348 enuntiatio
848 3291 978 3348 serviens
1002 3288 1147 3367 dignitati

114 3399 317 3455 personarum
342 3379 571 3460 exprimensque
592 3379 688 3438 animi
705 3377 846 3436 habitum
866 3379 1019 3452 cuiusque.
1062 3396 1146 3437 enar·

72 3486 88 3524 e
103 3471 188 3530 ratio
204 3476 252 3533 est
268 3474 474 3539 obscurorum
495 3492 644 3536 sensuum
658 3468 908 3548 quaestionumue
923 3464 1095 3556 explanatio
1107 3495 1158 3518 —-.

88 3563 278 3629 emendatio
303 3573 356 3632 est
381 3605 431 3613 —
458 3565 653 3631 recorrectio
679 3574 824 3620 errorum
845 3551 905 3625 qli*-
923 3565 982 3620 W
1002 3546 1186 3614 *mum
