<?xml version="1.0" encoding="UTF-8"?>
<!DOCTYPE html PUBLIC "-//W3C//DTD XHTML 1.0 Transitional//EN"
    "http://www.w3.org/TR/xhtml1/DTD/xhtml1-transitional.dtd">
<html xmlns="http://www.w3.org/1999/xhtml" xml:lang="en" lang="en">
 <head>
  <title>
</title>
<meta http-equiv="Content-Type" content="text/html;charset=utf-8" />
  <meta name='ocr-system' content='tesseract 3.04.00' />
  <meta name='ocr-capabilities' content='ocr_page ocr_carea ocr_par ocr_line ocrx_word'/>
</head>
<body>
  <div class='ocr_page' id='page_1' title='image "./grammaticaeroma02funagoog_0339.png"; bbox 0 0 2400 3824; ppageno 0'>
   <div class='ocr_carea' id='block_1_1' title="bbox 123 178 988 248">
    <p class='ocr_par' dir='ltr' id='par_1_1' title="bbox 123 178 988 248">
     <span class='ocr_line' id='line_1_1' title="bbox 123 178 988 248; baseline -0.016 -3"><span class='ocrx_word' id='word_1_1' title='bbox 123 179 189 244; x_wconf 85' lang='grc'>304</span> <span class='ocrx_word' id='word_1_2' title='bbox 273 179 479 234; x_wconf 73' lang='lat' dir='ltr'>Grammaticos</span> <span class='ocrx_word' id='word_1_3' title='bbox 499 179 600 233; x_wconf 81' lang='lat' dir='ltr'>aetatis</span> <span class='ocrx_word' id='word_1_4' title='bbox 620 178 810 233; x_wconf 88' lang='lat' dir='ltr'>Varronianae</span> <span class='ocrx_word' id='word_1_5' title='bbox 830 179 988 248; x_wconf 83' lang='lat' dir='ltr'>fragmenta</span> 
     </span>
    </p>
   </div>
   <div class='ocr_carea' id='block_1_2' title="bbox 123 345 1142 514">
    <p class='ocr_par' dir='ltr' id='par_1_2' title="bbox 123 345 1142 514">
     <span class='ocr_line' id='line_1_2' title="bbox 123 345 1141 423; baseline -0.005 -15"><span class='ocrx_word' id='word_1_6' title='bbox 123 352 255 408; x_wconf 79' lang='lat' dir='ltr'>moretur</span> <span class='ocrx_word' id='word_1_7' title='bbox 284 352 314 406; x_wconf 89' lang='lat' dir='ltr'>et</span> <span class='ocrx_word' id='word_1_8' title='bbox 343 350 468 407; x_wconf 89' lang='lat' dir='ltr'>iunctim</span> <span class='ocrx_word' id='word_1_9' title='bbox 499 349 635 423; x_wconf 89' lang='lat' dir='ltr'>quamvis</span> <span class='ocrx_word' id='word_1_10' title='bbox 664 349 697 405; x_wconf 91' lang='lat' dir='ltr'>in</span> <span class='ocrx_word' id='word_1_11' title='bbox 728 347 831 406; x_wconf 87' lang='lat' dir='ltr'>multis</span> <span class='ocrx_word' id='word_1_12' title='bbox 861 347 986 422; x_wconf 80' lang='lat' dir='ltr'>syllabis</span> <span class='ocrx_word' id='word_1_13' title='bbox 1020 345 1141 405; x_wconf 78' lang='lat' dir='ltr'><strong>residat.</strong></span> 
     </span>
     <span class='ocr_line' id='line_1_3' title="bbox 125 436 1142 514; baseline -0.003 -18"><span class='ocrx_word' id='word_1_14' title='bbox 125 440 264 514; x_wconf 82' lang='lat' dir='ltr'>quocirca</span> <span class='ocrx_word' id='word_1_15' title='bbox 295 457 399 514; x_wconf 85' lang='lat' dir='ltr'>graves</span> <span class='ocrx_word' id='word_1_16' title='bbox 432 456 554 495; x_wconf 91' lang='lat' dir='ltr'>numero</span> <span class='ocrx_word' id='word_1_17' title='bbox 587 440 657 496; x_wconf 91' lang='lat' dir='ltr'>sunt</span> <span class='ocrx_word' id='word_1_18' title='bbox 688 436 801 512; x_wconf 77' lang='lat' dir='ltr'>plureS,</span> <span class='ocrx_word' id='word_1_19' title='bbox 838 437 993 511; x_wconf 80' lang='lat' dir='ltr'>pauciores</span> <span class='ocrx_word' id='word_1_20' title='bbox 1027 438 1142 509; x_wconf 89' lang='lat' dir='ltr'>acutae,</span> 
     </span>
    </p>
   </div>
   <div class='ocr_carea' id='block_1_3' title="bbox 123 528 415 586">
    <p class='ocr_par' dir='ltr' id='par_1_3' title="bbox 123 528 415 586">
     <span class='ocr_line' id='line_1_4' title="bbox 123 528 415 586; baseline 0.003 -2"><span class='ocrx_word' id='word_1_21' title='bbox 123 528 216 586; x_wconf 89' lang='lat' dir='ltr'>flexae</span> <span class='ocrx_word' id='word_1_22' title='bbox 238 528 415 586; x_wconf 87' lang='lat' dir='ltr'>rarissimae.</span> 
     </span>
    </p>
   </div>
   <div class='ocr_carea' id='block_1_4' title="bbox 70 621 1147 3505">
    <p class='ocr_par' dir='ltr' id='par_1_4' title="bbox 70 621 1144 1060">
     <span class='ocr_line' id='line_1_5' title="bbox 70 621 1143 701; baseline 0 -22"><span class='ocrx_word' id='word_1_23' title='bbox 70 641 109 680; x_wconf 77' lang='lat' dir='ltr'>roe</span> <span class='ocrx_word' id='word_1_24' title='bbox 192 629 296 683; x_wconf 87' lang='lat' dir='ltr'>acutae</span> <span class='ocrx_word' id='word_1_25' title='bbox 326 628 399 683; x_wconf 90' lang='lat' dir='ltr'>nota</span> <span class='ocrx_word' id='word_1_26' title='bbox 426 628 471 683; x_wconf 88' lang='lat' dir='ltr'>est</span> <span class='ocrx_word' id='word_1_27' title='bbox 498 626 616 701; x_wconf 84' lang='lat' dir='ltr'>virgula</span> <span class='ocrx_word' id='word_1_28' title='bbox 644 644 662 682; x_wconf 91' lang='lat' dir='ltr'>a</span> <span class='ocrx_word' id='word_1_29' title='bbox 689 626 811 682; x_wconf 89' lang='lat' dir='ltr'>sinistra</span> <span class='ocrx_word' id='word_1_30' title='bbox 839 626 924 699; x_wconf 86' lang='lat' dir='ltr'>parte</span> <span class='ocrx_word' id='word_1_31' title='bbox 954 621 1143 680; x_wconf 77' lang='lat' dir='ltr'>dextrorsum</span> 
     </span>
     <span class='ocr_line' id='line_1_6' title="bbox 124 712 1142 790; baseline -0.004 -18"><span class='ocrx_word' id='word_1_32' title='bbox 124 714 249 773; x_wconf 91' lang='lat' dir='ltr'>sublime</span> <span class='ocrx_word' id='word_1_33' title='bbox 273 716 431 790; x_wconf 79' lang='lat' dir='ltr'>fastigata3</span> <span class='ocrx_word' id='word_1_34' title='bbox 459 713 559 790; x_wconf 82' lang='lat' dir='ltr'>gravis</span> <span class='ocrx_word' id='word_1_35' title='bbox 583 718 683 771; x_wconf 91' lang='lat' dir='ltr'>autem</span> <span class='ocrx_word' id='word_1_36' title='bbox 705 714 830 771; x_wconf 86' lang='lat' dir='ltr'>notatur</span> <span class='ocrx_word' id='word_1_37' title='bbox 852 712 945 770; x_wconf 85' lang='lat' dir='ltr'>simili</span> <span class='ocrx_word' id='word_1_38' title='bbox 967 712 1088 787; x_wconf 85' lang='lat' dir='ltr'>virgula</span> <span class='ocrx_word' id='word_1_39' title='bbox 1112 713 1142 768; x_wconf 91' lang='lat' dir='ltr'>in</span> 
     </span>
     <span class='ocr_line' id='line_1_7' title="bbox 125 798 1143 881; baseline -0.005 -19"><span class='ocrx_word' id='word_1_40' title='bbox 125 799 300 881; x_wconf 84' lang='lat' dir='ltr'>ea&lt;m&gt;dem</span> <span class='ocrx_word' id='word_1_41' title='bbox 317 798 476 880; x_wconf 83' lang='lat' dir='ltr'>parte&lt;m&gt;</span> <span class='ocrx_word' id='word_1_42' title='bbox 494 802 632 878; x_wconf 87' lang='lat' dir='ltr'>depressa</span> <span class='ocrx_word' id='word_1_43' title='bbox 650 802 781 878; x_wconf 84' lang='lat' dir='ltr'>fastigio.</span> <span class='ocrx_word' id='word_1_44' title='bbox 819 820 895 877; x_wconf 92' lang='lat' dir='ltr'>quae</span> <span class='ocrx_word' id='word_1_45' title='bbox 913 803 1002 858; x_wconf 90' lang='lat' dir='ltr'>notae</span> <span class='ocrx_word' id='word_1_46' title='bbox 1022 799 1143 858; x_wconf 89' lang='lat' dir='ltr'>demon-</span> 
     </span>
     <span class='ocr_line' id='line_1_8' title="bbox 125 889 1143 966; baseline -0.004 -16"><span class='ocrx_word' id='word_1_47' title='bbox 125 895 222 950; x_wconf 87' lang='lat' dir='ltr'>strant</span> <span class='ocrx_word' id='word_1_48' title='bbox 241 911 358 951; x_wconf 90' lang='lat' dir='ltr'>omnem</span> <span class='ocrx_word' id='word_1_49' title='bbox 382 895 500 950; x_wconf 88' lang='lat' dir='ltr'>acutam</span> <span class='ocrx_word' id='word_1_50' title='bbox 518 910 620 950; x_wconf 87' lang='lat' dir='ltr'>vocem</span> <span class='ocrx_word' id='word_1_51' title='bbox 641 910 760 950; x_wconf 90' lang='lat' dir='ltr'>sursum</span> <span class='ocrx_word' id='word_1_52' title='bbox 783 908 845 949; x_wconf 90' lang='lat' dir='ltr'>esse</span> <span class='ocrx_word' id='word_1_53' title='bbox 864 893 894 948; x_wconf 90' lang='lat' dir='ltr'>et</span> <span class='ocrx_word' id='word_1_54' title='bbox 916 907 1040 966; x_wconf 85' lang='lat' dir='ltr'>gravem</span> <span class='ocrx_word' id='word_1_55' title='bbox 1059 889 1143 948; x_wconf 91' lang='lat' dir='ltr'>deor-</span> 
     </span>
     <span class='ocr_line' id='line_1_9' title="bbox 125 979 1144 1060; baseline -0.004 -21"><span class='ocrx_word' id='word_1_56' title='bbox 125 1001 198 1040; x_wconf 87' lang='lat' dir='ltr'>sum.</span> <span class='ocrx_word' id='word_1_57' title='bbox 244 983 343 1056; x_wconf 91' lang='lat' dir='ltr'>ipsum</span> <span class='ocrx_word' id='word_1_58' title='bbox 370 981 462 1038; x_wconf 87' lang='lat' dir='ltr'>etiam</span> <span class='ocrx_word' id='word_1_59' title='bbox 491 983 670 1060; x_wconf 88' lang='lat' dir='ltr'>musicorum</span> <span class='ocrx_word' id='word_1_60' title='bbox 699 980 821 1038; x_wconf 77' lang='lat' dir='ltr'>docetur</span> <span class='ocrx_word' id='word_1_61' title='bbox 850 979 1082 1055; x_wconf 87' lang='lat' dir='ltr'>diagrammate,</span> <span class='ocrx_word' id='word_1_62' title='bbox 1113 980 1144 1035; x_wconf 92' lang='lat' dir='ltr'>in</span> 
     </span>
    </p>

    <p class='ocr_par' dir='ltr' id='par_1_5' title="bbox 72 1067 1145 1502">
     <span class='ocr_line' id='line_1_10' title="bbox 72 1067 1143 1146; baseline 0 -22"><span class='ocrx_word' id='word_1_63' title='bbox 72 1085 111 1124; x_wconf 82' lang='lat' dir='ltr'>iro</span> <span class='ocrx_word' id='word_1_64' title='bbox 126 1090 184 1145; x_wconf 90' lang='lat' dir='ltr'>quo</span> <span class='ocrx_word' id='word_1_65' title='bbox 203 1071 284 1146; x_wconf 86' lang='lat' dir='ltr'>tropi</span> <span class='ocrx_word' id='word_1_66' title='bbox 307 1089 361 1145; x_wconf 90' lang='lat' dir='ltr'>pro</span> <span class='ocrx_word' id='word_1_67' title='bbox 385 1071 519 1128; x_wconf 88' lang='lat' dir='ltr'>acumine</span> <span class='ocrx_word' id='word_1_68' title='bbox 539 1088 644 1127; x_wconf 91' lang='lat' dir='ltr'>vocum</span> <span class='ocrx_word' id='word_1_69' title='bbox 667 1069 833 1144; x_wconf 84' lang='lat' dir='ltr'>superiores</span> <span class='ocrx_word' id='word_1_70' title='bbox 857 1067 1037 1142; x_wconf 89' lang='lat' dir='ltr'>scribuntur,</span> <span class='ocrx_word' id='word_1_71' title='bbox 1061 1067 1143 1124; x_wconf 92' lang='lat' dir='ltr'>deni-</span> 
     </span>
     <span class='ocr_line' id='line_1_11' title="bbox 126 1156 1143 1234; baseline -0.003 -17"><span class='ocrx_word' id='word_1_72' title='bbox 126 1179 182 1234; x_wconf 92' lang='lat' dir='ltr'>que</span> <span class='ocrx_word' id='word_1_73' title='bbox 206 1177 336 1217; x_wconf 89' lang='lat' dir='ltr'>summus</span> <span class='ocrx_word' id='word_1_74' title='bbox 360 1159 563 1234; x_wconf 84' lang='lat' dir='ltr'>hyperlydius,</span> <span class='ocrx_word' id='word_1_75' title='bbox 587 1160 658 1233; x_wconf 90' lang='lat' dir='ltr'>quia</span> <span class='ocrx_word' id='word_1_76' title='bbox 682 1157 878 1232; x_wconf 88' lang='lat' dir='ltr'>acutissimus,</span> <span class='ocrx_word' id='word_1_77' title='bbox 906 1156 1025 1214; x_wconf 84' lang='lat' dir='ltr'>infimus</span> <span class='ocrx_word' id='word_1_78' title='bbox 1049 1156 1143 1232; x_wconf 93' lang='lat' dir='ltr'>hypo·</span> 
     </span>
     <span class='ocr_line' id='line_1_12' title="bbox 126 1243 1144 1324; baseline -0.006 -17"><span class='ocrx_word' id='word_1_79' title='bbox 126 1249 235 1322; x_wconf 86' lang='lat' dir='ltr'>dorius,</span> <span class='ocrx_word' id='word_1_80' title='bbox 258 1267 316 1323; x_wconf 92' lang='lat' dir='ltr'>quo</span> <span class='ocrx_word' id='word_1_81' title='bbox 335 1249 436 1305; x_wconf 91' lang='lat' dir='ltr'>nullus</span> <span class='ocrx_word' id='word_1_82' title='bbox 455 1250 500 1306; x_wconf 90' lang='lat' dir='ltr'>est</span> <span class='ocrx_word' id='word_1_83' title='bbox 518 1249 645 1324; x_wconf 85' lang='lat' dir='ltr'>gravior.</span> <span class='ocrx_word' id='word_1_84' title='bbox 683 1247 759 1306; x_wconf 88' lang='lat' dir='ltr'>flexa</span> <span class='ocrx_word' id='word_1_85' title='bbox 778 1249 878 1304; x_wconf 86' lang='lat' dir='ltr'>autem</span> <span class='ocrx_word' id='word_1_86' title='bbox 895 1245 1046 1321; x_wconf 86' lang='lat' dir='ltr'>prosodia,</span> <span class='ocrx_word' id='word_1_87' title='bbox 1065 1243 1144 1320; x_wconf 90' lang='lat' dir='ltr'>quod</span> 
     </span>
     <span class='ocr_line' id='line_1_13' title="bbox 127 1333 1145 1413; baseline -0.004 -18"><span class='ocrx_word' id='word_1_88' title='bbox 127 1338 235 1412; x_wconf 84' lang='lat' dir='ltr'>duplex</span> <span class='ocrx_word' id='word_1_89' title='bbox 254 1339 300 1395; x_wconf 87' lang='lat' dir='ltr'>est</span> <span class='ocrx_word' id='word_1_90' title='bbox 318 1340 348 1394; x_wconf 89' lang='lat' dir='ltr'>et</span> <span class='ocrx_word' id='word_1_91' title='bbox 367 1357 401 1395; x_wconf 88' lang='lat' dir='ltr'>ex</span> <span class='ocrx_word' id='word_1_92' title='bbox 420 1339 509 1395; x_wconf 91' lang='lat' dir='ltr'>acuta</span> <span class='ocrx_word' id='word_1_93' title='bbox 527 1337 670 1413; x_wconf 83' lang='lat' dir='ltr'>gravique</span> <span class='ocrx_word' id='word_1_94' title='bbox 689 1335 767 1410; x_wconf 85' lang='lat' dir='ltr'>ficta,</span> <span class='ocrx_word' id='word_1_95' title='bbox 791 1337 894 1395; x_wconf 90' lang='lat' dir='ltr'>notam</span> <span class='ocrx_word' id='word_1_96' title='bbox 916 1333 1007 1392; x_wconf 88' lang='lat' dir='ltr'>habet</span> <span class='ocrx_word' id='word_1_97' title='bbox 1030 1334 1145 1392; x_wconf 91' lang='lat' dir='ltr'>nomini</span> 
     </span>
     <span class='ocr_line' id='line_1_14' title="bbox 126 1426 1144 1502; baseline -0.004 -18"><span class='ocrx_word' id='word_1_98' title='bbox 126 1427 328 1502; x_wconf 75' lang='lat' dir='ltr'>potestatique</span> <span class='ocrx_word' id='word_1_99' title='bbox 358 1426 597 1501; x_wconf 81' lang='lat' dir='ltr'>respondentem3</span> <span class='ocrx_word' id='word_1_100' title='bbox 630 1445 700 1483; x_wconf 89' lang='lat' dir='ltr'>nam</span> <span class='ocrx_word' id='word_1_101' title='bbox 728 1444 746 1483; x_wconf 89' lang='lat' dir='ltr'>a</span> <span class='ocrx_word' id='word_1_102' title='bbox 773 1427 892 1483; x_wconf 87' lang='lat' dir='ltr'>sinistro</span> <span class='ocrx_word' id='word_1_103' title='bbox 923 1442 989 1481; x_wconf 92' lang='lat' dir='ltr'>cum</span> <span class='ocrx_word' id='word_1_104' title='bbox 1020 1441 1144 1500; x_wconf 83' lang='lat' dir='ltr'>surgens</span> 
     </span>
    </p>

    <p class='ocr_par' dir='ltr' id='par_1_6' title="bbox 73 1512 1145 1860">
     <span class='ocr_line' id='line_1_15' title="bbox 73 1512 1145 1591; baseline 0 -21"><span class='ocrx_word' id='word_1_105' title='bbox 73 1531 112 1570; x_wconf 79' lang='lat'>115</span> <span class='ocrx_word' id='word_1_106' title='bbox 128 1516 220 1573; x_wconf 89' lang='lat' dir='ltr'>arduo</span> <span class='ocrx_word' id='word_1_107' title='bbox 252 1516 375 1591; x_wconf 84' lang='lat' dir='ltr'>fastigio</span> <span class='ocrx_word' id='word_1_108' title='bbox 406 1518 436 1573; x_wconf 90' lang='lat' dir='ltr'>et</span> <span class='ocrx_word' id='word_1_109' title='bbox 466 1533 581 1573; x_wconf 90' lang='lat' dir='ltr'>sursum</span> <span class='ocrx_word' id='word_1_110' title='bbox 611 1515 695 1573; x_wconf 87' lang='lat' dir='ltr'>molli</span> <span class='ocrx_word' id='word_1_111' title='bbox 727 1516 887 1572; x_wconf 86' lang='lat' dir='ltr'>curvatura</span> <span class='ocrx_word' id='word_1_112' title='bbox 918 1512 1145 1571; x_wconf 82' lang='lat' dir='ltr'>dextroversum</span> 
     </span>
     <span class='ocr_line' id='line_1_16' title="bbox 126 1601 1144 1680; baseline -0.002 -19"><span class='ocrx_word' id='word_1_113' title='bbox 126 1605 202 1661; x_wconf 86' lang='lat' dir='ltr'>fiexa</span> <span class='ocrx_word' id='word_1_114' title='bbox 220 1604 378 1680; x_wconf 86' lang='lat' dir='ltr'>praecipiti</span> <span class='ocrx_word' id='word_1_115' title='bbox 394 1605 470 1663; x_wconf 90' lang='lat' dir='ltr'>clivo</span> <span class='ocrx_word' id='word_1_116' title='bbox 485 1604 662 1678; x_wconf 87' lang='lat' dir='ltr'>deprimitur</span> <span class='ocrx_word' id='word_1_117' title='bbox 680 1605 709 1660; x_wconf 90' lang='lat' dir='ltr'>et</span> <span class='ocrx_word' id='word_1_118' title='bbox 724 1605 851 1679; x_wconf 89' lang='lat' dir='ltr'>speciem</span> <span class='ocrx_word' id='word_1_119' title='bbox 869 1620 980 1677; x_wconf 87' lang='lat' dir='ltr'>pronae</span> <span class='ocrx_word' id='word_1_120' title='bbox 995 1619 1011 1660; x_wconf 93' lang='lat' dir='ltr'>c</span> <span class='ocrx_word' id='word_1_121' title='bbox 1025 1601 1144 1660; x_wconf 88' lang='lat' dir='ltr'>litterae</span> 
     </span>
     <span class='ocr_line' id='line_1_17' title="bbox 127 1689 1144 1768; baseline -0.005 -17"><span class='ocrx_word' id='word_1_122' title='bbox 127 1693 227 1767; x_wconf 86' lang='lat' dir='ltr'>efficit,</span> <span class='ocrx_word' id='word_1_123' title='bbox 257 1695 387 1768; x_wconf 81' lang='lat' dir='ltr'>priorem</span> <span class='ocrx_word' id='word_1_124' title='bbox 411 1695 530 1751; x_wconf 89' lang='lat' dir='ltr'>acutam</span> <span class='ocrx_word' id='word_1_125' title='bbox 554 1695 584 1751; x_wconf 87' lang='lat' dir='ltr'>et</span> <span class='ocrx_word' id='word_1_126' title='bbox 606 1694 800 1767; x_wconf 84' lang='lat' dir='ltr'>posteriorem</span> <span class='ocrx_word' id='word_1_127' title='bbox 823 1710 944 1767; x_wconf 84' lang='lat' dir='ltr'>gravem</span> <span class='ocrx_word' id='word_1_128' title='bbox 968 1689 1025 1748; x_wconf 90' lang='lat' dir='ltr'>sibi</span> <span class='ocrx_word' id='word_1_129' title='bbox 1048 1691 1144 1748; x_wconf 91' lang='lat' dir='ltr'>inesse</span> 
     </span>
     <span class='ocr_line' id='line_1_18' title="bbox 127 1782 349 1860; baseline -0.005 -20"><span class='ocrx_word' id='word_1_130' title='bbox 127 1782 283 1860; x_wconf 84' lang='lat' dir='ltr'>significat.</span> <span class='ocrx_word' id='word_1_131' title='bbox 307 1814 349 1822; x_wconf 97' lang='lat'><strong>—</strong></span> 
     </span>
    </p>

    <p class='ocr_par' dir='ltr' id='par_1_7' title="bbox 195 1878 1145 1952">
     <span class='ocr_line' id='line_1_19' title="bbox 195 1878 1145 1952; baseline -0.004 -14"><span class='ocrx_word' id='word_1_132' title='bbox 195 1879 266 1938; x_wconf 91' lang='lat' dir='ltr'>ordo</span> <span class='ocrx_word' id='word_1_133' title='bbox 289 1883 321 1937; x_wconf 90' lang='lat' dir='ltr'>in</span> <span class='ocrx_word' id='word_1_134' title='bbox 345 1879 513 1939; x_wconf 89' lang='lat' dir='ltr'>accentibus</span> <span class='ocrx_word' id='word_1_135' title='bbox 536 1898 596 1936; x_wconf 92' lang='lat' dir='ltr'>non</span> <span class='ocrx_word' id='word_1_136' title='bbox 620 1878 800 1952; x_wconf 84' lang='lat' dir='ltr'>adtenditur,</span> <span class='ocrx_word' id='word_1_137' title='bbox 825 1896 928 1936; x_wconf 92' lang='lat' dir='ltr'>verum</span> <span class='ocrx_word' id='word_1_138' title='bbox 951 1879 1043 1950; x_wconf 87' lang='lat' dir='ltr'>varie,</span> <span class='ocrx_word' id='word_1_139' title='bbox 1067 1895 1145 1934; x_wconf 88' lang='lat' dir='ltr'>nunc</span> 
     </span>
    </p>

    <p class='ocr_par' dir='ltr' id='par_1_8' title="bbox 73 1965 1147 2398">
     <span class='ocr_line' id='line_1_20' title="bbox 73 1965 1145 2046; baseline 0 -23"><span class='ocrx_word' id='word_1_140' title='bbox 73 1985 113 2024; x_wconf 80' lang='lat'>120</span> <span class='ocrx_word' id='word_1_141' title='bbox 128 1988 262 2046; x_wconf 86' lang='lat' dir='ltr'>gravem,</span> <span class='ocrx_word' id='word_1_142' title='bbox 290 1988 368 2027; x_wconf 92' lang='lat' dir='ltr'>nunc</span> <span class='ocrx_word' id='word_1_143' title='bbox 392 1971 525 2041; x_wconf 89' lang='lat' dir='ltr'>acutum,</span> <span class='ocrx_word' id='word_1_144' title='bbox 552 1986 611 2025; x_wconf 90' lang='lat' dir='ltr'>non</span> <span class='ocrx_word' id='word_1_145' title='bbox 634 1986 797 2042; x_wconf 90' lang='lat' dir='ltr'>numquam</span> <span class='ocrx_word' id='word_1_146' title='bbox 824 1965 932 2024; x_wconf 88' lang='lat' dir='ltr'>flexum</span> <span class='ocrx_word' id='word_1_147' title='bbox 958 1966 1056 2040; x_wconf 90' lang='lat' dir='ltr'>primo</span> <span class='ocrx_word' id='word_1_148' title='bbox 1080 1966 1145 2024; x_wconf 88' lang='lat' dir='ltr'>loco</span> 
     </span>
     <span class='ocr_line' id='line_1_21' title="bbox 127 2054 1146 2133; baseline -0.004 -17"><span class='ocrx_word' id='word_1_149' title='bbox 127 2057 200 2133; x_wconf 90' lang='lat' dir='ltr'>poni</span> <span class='ocrx_word' id='word_1_150' title='bbox 227 2058 350 2116; x_wconf 91' lang='lat' dir='ltr'>dubium</span> <span class='ocrx_word' id='word_1_151' title='bbox 372 2077 432 2116; x_wconf 92' lang='lat' dir='ltr'>non</span> <span class='ocrx_word' id='word_1_152' title='bbox 455 2058 569 2133; x_wconf 90' lang='lat' dir='ltr'>recipit.</span> <span class='ocrx_word' id='word_1_153' title='bbox 597 2089 634 2097; x_wconf 90' lang='lat'>—</span> <span class='ocrx_word' id='word_1_154' title='bbox 659 2056 816 2133; x_wconf 86' lang='lat' dir='ltr'>longitudo</span> <span class='ocrx_word' id='word_1_155' title='bbox 844 2055 1001 2114; x_wconf 90' lang='lat' dir='ltr'>verborum</span> <span class='ocrx_word' id='word_1_156' title='bbox 1028 2054 1146 2113; x_wconf 89' lang='lat' dir='ltr'>duabus</span> 
     </span>
     <span class='ocr_line' id='line_1_22' title="bbox 127 2143 1146 2221; baseline -0.002 -18"><span class='ocrx_word' id='word_1_157' title='bbox 127 2147 159 2203; x_wconf 90' lang='lat' dir='ltr'>in</span> <span class='ocrx_word' id='word_1_158' title='bbox 181 2147 268 2205; x_wconf 92' lang='lat' dir='ltr'>rebus</span> <span class='ocrx_word' id='word_1_159' title='bbox 293 2149 345 2220; x_wconf 89' lang='lat' dir='ltr'>est,</span> <span class='ocrx_word' id='word_1_160' title='bbox 370 2149 503 2221; x_wconf 91' lang='lat' dir='ltr'>tempore</span> <span class='ocrx_word' id='word_1_161' title='bbox 527 2148 556 2204; x_wconf 90' lang='lat' dir='ltr'>et</span> <span class='ocrx_word' id='word_1_162' title='bbox 579 2145 711 2221; x_wconf 86' lang='lat' dir='ltr'>syllabis.</span> <span class='ocrx_word' id='word_1_163' title='bbox 757 2147 875 2219; x_wconf 89' lang='lat' dir='ltr'>tempus</span> <span class='ocrx_word' id='word_1_164' title='bbox 899 2143 937 2202; x_wconf 88' lang='lat' dir='ltr'>ad</span> <span class='ocrx_word' id='word_1_165' title='bbox 959 2143 1146 2218; x_wconf 85' lang='lat' dir='ltr'>rhythmicos</span> 
     </span>
     <span class='ocr_line' id='line_1_23' title="bbox 128 2233 1146 2311; baseline -0.003 -18"><span class='ocrx_word' id='word_1_166' title='bbox 128 2237 267 2311; x_wconf 88' lang='lat' dir='ltr'>pertinet,</span> <span class='ocrx_word' id='word_1_167' title='bbox 286 2235 418 2310; x_wconf 89' lang='lat' dir='ltr'>syllabae</span> <span class='ocrx_word' id='word_1_168' title='bbox 438 2235 475 2292; x_wconf 93' lang='lat' dir='ltr'>ad</span> <span class='ocrx_word' id='word_1_169' title='bbox 494 2237 639 2292; x_wconf 85' lang='lat' dir='ltr'>metricos.</span> <span class='ocrx_word' id='word_1_170' title='bbox 672 2235 751 2292; x_wconf 90' lang='lat' dir='ltr'>inter</span> <span class='ocrx_word' id='word_1_171' title='bbox 763 2233 946 2308; x_wconf 86' lang='lat' dir='ltr'>rhythmicos</span> <span class='ocrx_word' id='word_1_172' title='bbox 961 2236 992 2290; x_wconf 91' lang='lat' dir='ltr'>et</span> <span class='ocrx_word' id='word_1_173' title='bbox 1005 2235 1146 2290; x_wconf 86' lang='lat' dir='ltr'>metricos</span> 
     </span>
     <span class='ocr_line' id='line_1_24' title="bbox 130 2321 1147 2398; baseline -0.002 -17"><span class='ocrx_word' id='word_1_174' title='bbox 130 2325 271 2383; x_wconf 91' lang='lat' dir='ltr'>dissensio</span> <span class='ocrx_word' id='word_1_175' title='bbox 286 2344 346 2382; x_wconf 91' lang='lat' dir='ltr'>non</span> <span class='ocrx_word' id='word_1_176' title='bbox 360 2324 444 2382; x_wconf 92' lang='lat' dir='ltr'>nulla</span> <span class='ocrx_word' id='word_1_177' title='bbox 459 2326 511 2398; x_wconf 89' lang='lat' dir='ltr'>est,</span> <span class='ocrx_word' id='word_1_178' title='bbox 530 2324 609 2398; x_wconf 90' lang='lat' dir='ltr'>quod</span> <span class='ocrx_word' id='word_1_179' title='bbox 628 2323 790 2398; x_wconf 88' lang='lat' dir='ltr'>rhythmici</span> <span class='ocrx_word' id='word_1_180' title='bbox 803 2323 835 2379; x_wconf 91' lang='lat' dir='ltr'>in</span> <span class='ocrx_word' id='word_1_181' title='bbox 854 2340 943 2381; x_wconf 90' lang='lat' dir='ltr'>versu</span> <span class='ocrx_word' id='word_1_182' title='bbox 956 2321 1147 2398; x_wconf 86' lang='lat' dir='ltr'>longitudine</span> 
     </span>
    </p>

    <p class='ocr_par' dir='ltr' id='par_1_9' title="bbox 76 2409 1147 2844">
     <span class='ocr_line' id='line_1_25' title="bbox 76 2409 1147 2488; baseline -0.001 -20"><span class='ocrx_word' id='word_1_183' title='bbox 76 2429 113 2470; x_wconf 80' lang='lat' dir='ltr'>rar</span> <span class='ocrx_word' id='word_1_184' title='bbox 128 2415 209 2472; x_wconf 90' lang='lat' dir='ltr'>vocis</span> <span class='ocrx_word' id='word_1_185' title='bbox 245 2416 381 2488; x_wconf 87' lang='lat' dir='ltr'>tempora</span> <span class='ocrx_word' id='word_1_186' title='bbox 417 2413 582 2471; x_wconf 89' lang='lat' dir='ltr'>metiuntur</span> <span class='ocrx_word' id='word_1_187' title='bbox 614 2415 644 2470; x_wconf 91' lang='lat' dir='ltr'>et</span> <span class='ocrx_word' id='word_1_188' title='bbox 676 2412 763 2470; x_wconf 93' lang='lat' dir='ltr'>huius</span> <span class='ocrx_word' id='word_1_189' title='bbox 800 2429 954 2470; x_wconf 90' lang='lat' dir='ltr'>mensurae</span> <span class='ocrx_word' id='word_1_190' title='bbox 991 2409 1147 2468; x_wconf 92' lang='lat' dir='ltr'>modulum</span> 
     </span>
     <span class='ocr_line' id='line_1_26' title="bbox 128 2499 1147 2578; baseline -0.002 -18"><span class='ocrx_word' id='word_1_191' title='bbox 128 2503 243 2560; x_wconf 87' lang='lat' dir='ltr'>faciunt</span> <span class='ocrx_word' id='word_1_192' title='bbox 274 2505 390 2578; x_wconf 88' lang='lat' dir='ltr'>tempus</span> <span class='ocrx_word' id='word_1_193' title='bbox 424 2501 642 2576; x_wconf 87' lang='lat' dir='ltr'>brevissimum,</span> <span class='ocrx_word' id='word_1_194' title='bbox 674 2501 706 2558; x_wconf 92' lang='lat' dir='ltr'>in</span> <span class='ocrx_word' id='word_1_195' title='bbox 737 2520 794 2575; x_wconf 93' lang='lat' dir='ltr'>quo</span> <span class='ocrx_word' id='word_1_196' title='bbox 825 2518 892 2558; x_wconf 89' lang='lat' dir='ltr'>curn</span> <span class='ocrx_word' id='word_1_197' title='bbox 922 2517 998 2575; x_wconf 92' lang='lat' dir='ltr'>quae</span> <span class='ocrx_word' id='word_1_198' title='bbox 1028 2499 1147 2575; x_wconf 88' lang='lat' dir='ltr'>syllaba</span> 
     </span>
     <span class='ocr_line' id='line_1_27' title="bbox 128 2590 1147 2666; baseline -0.002 -17"><span class='ocrx_word' id='word_1_199' title='bbox 128 2593 284 2650; x_wconf 89' lang='lat' dir='ltr'>enuntiata</span> <span class='ocrx_word' id='word_1_200' title='bbox 316 2591 368 2666; x_wconf 93' lang='lat' dir='ltr'>sit,</span> <span class='ocrx_word' id='word_1_201' title='bbox 404 2591 524 2649; x_wconf 91' lang='lat' dir='ltr'>brevem</span> <span class='ocrx_word' id='word_1_202' title='bbox 555 2592 664 2649; x_wconf 89' lang='lat' dir='ltr'>vocari.</span> <span class='ocrx_word' id='word_1_203' title='bbox 716 2590 833 2648; x_wconf 82' lang='lat' dir='ltr'>metrici</span> <span class='ocrx_word' id='word_1_204' title='bbox 868 2591 967 2647; x_wconf 87' lang='lat' dir='ltr'>autem</span> <span class='ocrx_word' id='word_1_205' title='bbox 1004 2606 1147 2647; x_wconf 87' lang='lat' dir='ltr'>versuum</span> 
     </span>
     <span class='ocr_line' id='line_1_28' title="bbox 128 2677 1147 2756; baseline -0.001 -19"><span class='ocrx_word' id='word_1_206' title='bbox 128 2699 296 2739; x_wconf 90' lang='lat' dir='ltr'>mensuram</span> <span class='ocrx_word' id='word_1_207' title='bbox 318 2679 441 2756; x_wconf 89' lang='lat' dir='ltr'>syllabis</span> <span class='ocrx_word' id='word_1_208' title='bbox 461 2679 704 2755; x_wconf 87' lang='lat' dir='ltr'>conprehendunt</span> <span class='ocrx_word' id='word_1_209' title='bbox 722 2681 752 2737; x_wconf 88' lang='lat' dir='ltr'>et</span> <span class='ocrx_word' id='word_1_210' title='bbox 774 2679 862 2736; x_wconf 91' lang='lat' dir='ltr'>huius</span> <span class='ocrx_word' id='word_1_211' title='bbox 880 2677 1036 2735; x_wconf 90' lang='lat' dir='ltr'>modulum</span> <span class='ocrx_word' id='word_1_212' title='bbox 1055 2678 1147 2752; x_wconf 90' lang='lat' dir='ltr'>sylla-</span> 
     </span>
     <span class='ocr_line' id='line_1_29' title="bbox 129 2767 1147 2844; baseline -0.002 -18"><span class='ocrx_word' id='word_1_213' title='bbox 129 2769 198 2827; x_wconf 89' lang='lat' dir='ltr'>bam</span> <span class='ocrx_word' id='word_1_214' title='bbox 225 2769 345 2827; x_wconf 91' lang='lat' dir='ltr'>brevem</span> <span class='ocrx_word' id='word_1_215' title='bbox 369 2768 560 2829; x_wconf 87' lang='lat' dir='ltr'>arbitrantur.</span> <span class='ocrx_word' id='word_1_216' title='bbox 606 2771 724 2844; x_wconf 90' lang='lat' dir='ltr'>tempus</span> <span class='ocrx_word' id='word_1_217' title='bbox 748 2771 848 2827; x_wconf 89' lang='lat' dir='ltr'>autem</span> <span class='ocrx_word' id='word_1_218' title='bbox 870 2767 1080 2825; x_wconf 89' lang='lat' dir='ltr'>brevissimum</span> <span class='ocrx_word' id='word_1_219' title='bbox 1103 2769 1147 2824; x_wconf 91' lang='lat' dir='ltr'>in-</span> 
     </span>
    </p>

    <p class='ocr_par' dir='ltr' id='par_1_10' title="bbox 75 2851 1147 3110">
     <span class='ocr_line' id='line_1_30' title="bbox 75 2851 1147 2935; baseline -0.002 -19"><span class='ocrx_word' id='word_1_220' title='bbox 75 2875 115 2916; x_wconf 81' lang='lat' dir='ltr'>rao</span> <span class='ocrx_word' id='word_1_221' title='bbox 130 2858 239 2935; x_wconf 84' lang='lat' dir='ltr'>tellegi,</span> <span class='ocrx_word' id='word_1_222' title='bbox 268 2857 347 2932; x_wconf 92' lang='lat' dir='ltr'>quod</span> <span class='ocrx_word' id='word_1_223' title='bbox 371 2851 648 2934; x_wconf 82' lang='lat' dir='ltr'>enuntiatione&lt;m&gt;</span> <span class='ocrx_word' id='word_1_224' title='bbox 670 2857 861 2916; x_wconf 85' lang='lat' dir='ltr'>brevissimae</span> <span class='ocrx_word' id='word_1_225' title='bbox 884 2855 1018 2931; x_wconf 89' lang='lat' dir='ltr'>syllabae</span> <span class='ocrx_word' id='word_1_226' title='bbox 1042 2855 1147 2914; x_wconf 89' lang='lat' dir='ltr'>cohae-</span> 
     </span>
     <span class='ocr_line' id='line_1_31' title="bbox 129 2944 1147 3021; baseline -0.001 -18"><span class='ocrx_word' id='word_1_227' title='bbox 129 2965 197 3004; x_wconf 90' lang='lat' dir='ltr'>rens</span> <span class='ocrx_word' id='word_1_228' title='bbox 221 2945 441 3020; x_wconf 90' lang='lat' dir='ltr'>adaequaverit.</span> <span class='ocrx_word' id='word_1_229' title='bbox 484 2947 586 3021; x_wconf 88' lang='lat' dir='ltr'>itaque</span> <span class='ocrx_word' id='word_1_230' title='bbox 610 2945 771 3021; x_wconf 90' lang='lat' dir='ltr'>rhythmici</span> <span class='ocrx_word' id='word_1_231' title='bbox 794 2945 977 3020; x_wconf 87' lang='lat' dir='ltr'>temporibus</span> <span class='ocrx_word' id='word_1_232' title='bbox 1004 2944 1147 3020; x_wconf 91' lang='lat' dir='ltr'>syllabas,</span> 
     </span>
     <span class='ocr_line' id='line_1_32' title="bbox 129 3035 687 3110; baseline -0.002 -17"><span class='ocrx_word' id='word_1_233' title='bbox 129 3035 245 3094; x_wconf 88' lang='lat' dir='ltr'>metrici</span> <span class='ocrx_word' id='word_1_234' title='bbox 267 3038 402 3110; x_wconf 87' lang='lat' dir='ltr'>tempora</span> <span class='ocrx_word' id='word_1_235' title='bbox 426 3035 549 3110; x_wconf 88' lang='lat' dir='ltr'>syllabis</span> <span class='ocrx_word' id='word_1_236' title='bbox 572 3035 687 3093; x_wconf 88' lang='lat' dir='ltr'>finiunt.</span> 
     </span>
    </p>

    <p class='ocr_par' dir='ltr' id='par_1_11' title="bbox 124 3151 1146 3505">
     <span class='ocr_line' id='line_1_33' title="bbox 201 3151 1146 3222; baseline -0.002 -16"><span class='ocrx_word' id='word_1_237' title='bbox 201 3151 313 3222; x_wconf 75' lang='lat' dir='ltr'>[Serpit]</span> <span class='ocrx_word' id='word_1_238' title='bbox 336 3154 407 3221; x_wconf 74' lang='lat' dir='ltr'>cupi.</span> <span class='ocrx_word' id='word_1_239' title='bbox 430 3153 462 3205; x_wconf 77' lang='lat' dir='ltr'>ia</span> <span class='ocrx_word' id='word_1_240' title='bbox 487 3153 559 3206; x_wconf 81' lang='lat' dir='ltr'>Dea.</span> <span class='ocrx_word' id='word_1_241' title='bbox 580 3170 610 3220; x_wconf 81' lang='lat' dir='ltr'>p.</span> <span class='ocrx_word' id='word_1_242' title='bbox 631 3156 728 3218; x_wconf 77' lang='lat'>529,1</span> <span class='ocrx_word' id='word_1_243' title='bbox 753 3168 808 3213; x_wconf 86' lang='lat' dir='ltr'>quot</span> <span class='ocrx_word' id='word_1_244' title='bbox 826 3166 892 3219; x_wconf 81' lang='lat' dir='ltr'>ergo</span> <span class='ocrx_word' id='word_1_245' title='bbox 910 3165 955 3204; x_wconf 70' lang='lat' dir='ltr'>sinc</span> <span class='ocrx_word' id='word_1_246' title='bbox 973 3163 1094 3212; x_wconf 69' lang='lat' dir='ltr'>prosodiae</span> <span class='ocrx_word' id='word_1_247' title='bbox 1113 3181 1146 3188; x_wconf 97' lang='lat'>—</span> 
     </span>
     <span class='ocr_line' id='line_1_34' title="bbox 129 3219 1145 3292; baseline -0.005 -15"><span class='ocrx_word' id='word_1_248' title='bbox 129 3240 168 3277; x_wconf 84' lang='lat' dir='ltr'>est.</span> <span class='ocrx_word' id='word_1_249' title='bbox 182 3255 208 3262; x_wconf 98' lang='lat'><em>-</em></span> <span class='ocrx_word' id='word_1_250' title='bbox 223 3235 381 3277; x_wconf 83' lang='lat' dir='ltr'>Athenodorus</span> <span class='ocrx_word' id='word_1_251' title='bbox 395 3255 421 3263; x_wconf 94' lang='lat'>-</span> <span class='ocrx_word' id='word_1_252' title='bbox 435 3237 529 3277; x_wconf 82' lang='lat' dir='ltr'>inferior</span> <span class='ocrx_word' id='word_1_253' title='bbox 542 3238 600 3277; x_wconf 81' lang='lat' dir='ltr'>inter</span> <span class='ocrx_word' id='word_1_254' title='bbox 614 3249 642 3277; x_wconf 85' lang='lat' dir='ltr'>se.</span> <span class='ocrx_word' id='word_1_255' title='bbox 672 3223 720 3276; x_wconf 79' lang='lat' dir='ltr'>sed</span> <span class='ocrx_word' id='word_1_256' title='bbox 737 3223 790 3275; x_wconf 82' lang='lat' dir='ltr'>hoc</span> <span class='ocrx_word' id='word_1_257' title='bbox 804 3221 915 3275; x_wconf 73' lang='lat' dir='ltr'>mediae</span> <span class='ocrx_word' id='word_1_258' title='bbox 929 3220 1081 3290; x_wconf 77' lang='lat' dir='ltr'>prosodiae</span> <span class='ocrx_word' id='word_1_259' title='bbox 1100 3219 1145 3292; x_wconf 80' lang='lat' dir='ltr'>[de</span> 
     </span>
     <span class='ocr_line' id='line_1_35' title="bbox 129 3292 1146 3365; baseline 0 -19"><span class='ocrx_word' id='word_1_260' title='bbox 129 3293 223 3347; x_wconf 90' lang='lat' dir='ltr'>media</span> <span class='ocrx_word' id='word_1_261' title='bbox 236 3293 368 3362; x_wconf 88' lang='lat' dir='ltr'>prosodia</span> <span class='ocrx_word' id='word_1_262' title='bbox 382 3296 422 3349; x_wconf 88' lang='lat' dir='ltr'>cd.</span> <span class='ocrx_word' id='word_1_263' title='bbox 440 3295 566 3365; x_wconf 74' lang='lat' dir='ltr'>Vindob]</span> <span class='ocrx_word' id='word_1_264' title='bbox 587 3295 664 3360; x_wconf 86' lang='lat' dir='ltr'>satie,</span> <span class='ocrx_word' id='word_1_265' title='bbox 684 3310 739 3362; x_wconf 90' lang='lat' dir='ltr'>quo</span> <span class='ocrx_word' id='word_1_266' title='bbox 758 3293 822 3361; x_wconf 89' lang='lat' dir='ltr'>quis</span> <span class='ocrx_word' id='word_1_267' title='bbox 841 3292 913 3346; x_wconf 87' lang='lat' dir='ltr'>sciat</span> <span class='ocrx_word' id='word_1_268' title='bbox 931 3308 991 3346; x_wconf 85' lang='lat' dir='ltr'>esse</span> <span class='ocrx_word' id='word_1_269' title='bbox 1010 3307 1146 3359; x_wconf 86' lang='lat' dir='ltr'>quaeren-</span> 
     </span>
     <span class='ocr_line' id='line_1_36' title="bbox 130 3362 1146 3436; baseline -0.002 -19"><span class='ocrx_word' id='word_1_270' title='bbox 130 3365 203 3419; x_wconf 88' lang='lat' dir='ltr'>dam.</span> <span class='ocrx_word' id='word_1_271' title='bbox 224 3397 257 3404; x_wconf 93' lang='lat'>-—</span> <span class='ocrx_word' id='word_1_272' title='bbox 278 3365 345 3436; x_wconf 88' lang='lat' dir='ltr'>[tres</span> <span class='ocrx_word' id='word_1_273' title='bbox 363 3366 510 3434; x_wconf 84' lang='lat' dir='ltr'>prosodiae</span> <span class='ocrx_word' id='word_1_274' title='bbox 529 3365 559 3418; x_wconf 91' lang='lat' dir='ltr'>in</span> <span class='ocrx_word' id='word_1_275' title='bbox 577 3383 629 3418; x_wconf 87' lang='lat' dir='ltr'>usu</span> <span class='ocrx_word' id='word_1_276' title='bbox 648 3383 707 3419; x_wconf 87' lang='lat' dir='ltr'>esse</span> <span class='ocrx_word' id='word_1_277' title='bbox 726 3363 797 3418; x_wconf 86' lang='lat' dir='ltr'>scire</span> <span class='ocrx_word' id='word_1_278' title='bbox 816 3365 927 3432; x_wconf 85' lang='lat' dir='ltr'>oportet</span> <span class='ocrx_word' id='word_1_279' title='bbox 946 3365 974 3416; x_wconf 87' lang='lat' dir='ltr'>et</span> <span class='ocrx_word' id='word_1_280' title='bbox 989 3381 1005 3416; x_wconf 70' lang='lat' dir='ltr'>s</span> <span class='ocrx_word' id='word_1_281' title='bbox 1021 3381 1036 3416; x_wconf 68' lang='lat' dir='ltr'>a</span> <span class='ocrx_word' id='word_1_282' title='bbox 1051 3362 1146 3416; x_wconf 90' lang='lat' dir='ltr'>media</span> 
     </span>
     <span class='ocr_line' id='line_1_37' title="bbox 124 3434 1145 3505; baseline -0.001 -16"><span class='ocrx_word' id='word_1_283' title='bbox 124 3439 235 3503; x_wconf 86' lang='lat' dir='ltr'>autem,</span> <span class='ocrx_word' id='word_1_284' title='bbox 261 3453 333 3505; x_wconf 85' lang='lat' dir='ltr'>quae</span> <span class='ocrx_word' id='word_1_285' title='bbox 356 3438 430 3492; x_wconf 89' lang='lat' dir='ltr'>inter</span> <span class='ocrx_word' id='word_1_286' title='bbox 454 3438 523 3490; x_wconf 86' lang='lat' dir='ltr'>duas</span> <span class='ocrx_word' id='word_1_287' title='bbox 542 3436 623 3505; x_wconf 86' lang='lat' dir='ltr'>quasi</span> <span class='ocrx_word' id='word_1_288' title='bbox 641 3436 722 3490; x_wconf 89' lang='lat' dir='ltr'>limes</span> <span class='ocrx_word' id='word_1_289' title='bbox 742 3437 792 3502; x_wconf 86' lang='lat' dir='ltr'>eet,</span> <span class='ocrx_word' id='word_1_290' title='bbox 812 3435 887 3503; x_wconf 89' lang='lat' dir='ltr'>quod</span> <span class='ocrx_word' id='word_1_291' title='bbox 905 3434 1042 3504; x_wconf 81' lang='lat' dir='ltr'>gravioris</span> <span class='ocrx_word' id='word_1_292' title='bbox 1062 3451 1145 3503; x_wconf 86' lang='lat' dir='ltr'>quam</span> 
     </span>
    </p>
   </div>
   <div class='ocr_carea' id='block_1_5' title="bbox 99 3505 1152 3658">
    <p class='ocr_par' dir='ltr' id='par_1_12' title="bbox 99 3505 1152 3658">
     <span class='ocr_line' id='line_1_38' title="bbox 113 3505 1145 3580; baseline -0.002 -20"><span class='ocrx_word' id='word_1_293' title='bbox 113 3509 257 3564; x_wconf 85' lang='lat' dir='ltr'>acutioris</span> <span class='ocrx_word' id='word_1_294' title='bbox 270 3509 395 3568; x_wconf 86' lang='lat' dir='ltr'>similior</span> <span class='ocrx_word' id='word_1_295' title='bbox 410 3512 462 3580; x_wconf 87' lang='lat' dir='ltr'>est,</span> <span class='ocrx_word' id='word_1_296' title='bbox 481 3509 513 3565; x_wconf 89' lang='lat' dir='ltr'>in</span> <span class='ocrx_word' id='word_1_297' title='bbox 525 3507 668 3565; x_wconf 80' lang='lat' dir='ltr'>interioris</span> <span class='ocrx_word' id='word_1_298' title='bbox 678 3507 774 3578; x_wconf 83' lang='lat' dir='ltr'>potius</span> <span class='ocrx_word' id='word_1_299' title='bbox 787 3523 872 3574; x_wconf 83' lang='lat' dir='ltr'>quam</span> <span class='ocrx_word' id='word_1_300' title='bbox 884 3505 1036 3574; x_wconf 85' lang='lat' dir='ltr'>superioris</span> <span class='ocrx_word' id='word_1_301' title='bbox 1050 3521 1145 3559; x_wconf 89' lang='lat' dir='ltr'>nume·</span> 
     </span>
     <span class='ocr_line' id='line_1_39' title="bbox 99 3577 1152 3658; baseline -0.007 -23"><span class='ocrx_word' id='word_1_302' title='bbox 99 3595 169 3634; x_wconf 82' lang='lat' dir='ltr'>rum</span> <span class='ocrx_word' id='word_1_303' title='bbox 188 3583 352 3658; x_wconf 82' lang='lat' dir='ltr'>relegatur.</span> <span class='ocrx_word' id='word_1_304' title='bbox 394 3586 427 3642; x_wconf 90' lang='lat' dir='ltr'>in</span> <span class='ocrx_word' id='word_1_305' title='bbox 445 3587 504 3642; x_wconf 89' lang='lat' dir='ltr'>hoo</span> <span class='ocrx_word' id='word_1_306' title='bbox 524 3583 604 3640; x_wconf 86' lang='lat' dir='ltr'>enim</span> <span class='ocrx_word' id='word_1_307' title='bbox 621 3581 684 3637; x_wconf 83' lang='lat' dir='ltr'>iere</span> <span class='ocrx_word' id='word_1_308' title='bbox 701 3578 927 3634; x_wconf 69' lang='lat' dir='ltr'>doctissimorum</span> <span class='ocrx_word' id='word_1_309' title='bbox 940 3577 1152 3640; x_wconf 63' lang='lat' dir='ltr'>consensisset,</span> 
     </span>
    </p>
   </div>
   <div class='ocr_carea' id='block_1_6' title="bbox 0 0 1209 3824">
    <p class='ocr_par' dir='ltr' id='par_1_13' title="bbox 0 0 1209 3824">
     <span class='ocr_line' id='line_1_40' title="bbox 0 0 1209 3824; baseline 0 0"><span class='ocrx_word' id='word_1_310' title='bbox 0 0 1209 3824; x_wconf 95' lang='lat' dir='ltr'> </span> 
     </span>
    </p>
   </div>
  </div>
 </body>
</html>
