2400 3824
141 181 208 244 414
290 181 496 235 Grammaticae
516 182 618 236 aetatis
638 180 828 234 varronianae
846 179 1010 250 fragmenta

141 357 320 426 καταφανῶς
338 349 485 430 χρώμενα·
509 351 552 421 τλς
571 348 626 409 οὐκ
644 346 682 408 διν
696 349 774 408 εἴκοι
793 345 841 409 iat
858 355 960 426 κῶμον
975 343 1162 426 Ἑλληνικῶς

142 447 328 516 κωμισσᾶτον
350 436 498 518 λέγεσθαι,
521 436 571 497 καὶ
594 437 626 500 τὸ
650 437 770 516 κεράσαι
791 445 913 517 μισκῆρε
936 429 1011 496 καθ’
1024 433 1162 518 Ὅμηρον

143 524 209 604 [od.
227 531 277 597 10,
293 522 374 607 356]
395 523 424 604 ‘ci
441 519 468 586 δ’
486 518 551 587 αὖτ’
569 525 601 586 ἕν
614 535 739 606 κρητῆρι
753 527 918 606 μελίφρονα
932 519 1019 586 οἶνον
1034 521 1159 606 latest*

140 614 190 676 καὶ
218 625 336 695 μῆνσαν
364 613 418 694 μέν
445 614 500 692 τῆν
528 616 671 696 τράπεζαν
700 613 759 676 διττδ
787 625 840 694 τῆς
867 613 899 674 έν
927 612 1006 699 μέσῳ
1036 612 1159 694 θέσεως,

100 729 125 771 ιτ
139 715 236 784 πᾶνεμ
255 702 286 765 δὲ
306 704 357 765 τὸν
371 701 461 786 άρτον
480 702 520 776 ὡς
538 702 657 765 ἀνιέντα
676 703 731 782 τῆν
745 709 862 764 πεῖναν·
886 703 937 764 τὸν
956 701 988 764 δὲ
1008 701 1160 781 στέφανον

139 803 277 873 κορῶναν
295 792 354 854 άπὸ
373 803 425 872 τῆς
443 797 583 872 κεφαλῆς,
602 790 785 872 ὡςὍμηρος
805 792 861 870 [Il.
877 798 906 862 7,
919 787 975 872 12]
995 791 1029 852 τδ
1049 794 1159 872 κράνος

138 883 235 944 εἴκασέ
249 904 308 943 ττου
323 883 467 968 στεφάνη·
487 879 510 961 †
524 881 556 942 τὸ
571 879 602 942 δὲ
617 888 699 963 καῖρε
716 880 780 965 δέρε
796 879 846 942 καλ
863 879 966 959 δέντης
985 882 1059 954 τοὺς
1074 879 1157 944 ὀδόν-

138 995 190 1045 τας
203 970 253 1032 καλ
268 972 361 1054 λάβρα
375 970 410 1031 τά
419 972 498 1052 χείλη
513 969 571 1036 άττὸ
584 979 636 1032 τοῦ
646 971 808 1051 λαμβάνειν
821 969 876 1048 τὴν
885 969 981 1052 βορὰν
994 964 1038 1030 δι’
1051 970 1157 1032 αὐτῶν.

209 1065 243 1131 cf.
269 1064 357 1118 Varro
375 1063 408 1117 δι
427 1063 443 1115 λ.
464 1063 498 1117 L.
514 1066 540 1128 7,
555 1065 601 1116 89.
620 1065 723 1128 5,118.
742 1066 804 1116 105.
825 1065 870 1116 62.
889 1065 949 1116 135.
977 1062 1064 1116 Paul.
1085 1063 1157 1117 Fut.

134 1151 163 1203 p.
178 1138 243 1201 223,
258 1139 284 1188 5.
303 1139 347 1200 41,
362 1137 386 1188 3.
407 1139 452 1200 37,
465 1138 492 1188 2.
521 1134 675 1200 Buecheler,
694 1133 747 1187 Rc.
768 1133 844 1188 Mae.
861 1137 906 1199 56,
924 1136 986 1187 321.

210 1237 243 1284 17
262 1232 293 1286 τὸ
313 1231 345 1286 δέ
364 1230 456 1296 δέρειν
475 1228 587 1299 καίδερε
607 1232 740 1303 Wyttecb.
759 1231 791 1285 τὸ
811 1229 837 1284 δ’
862 1230 935 1286 ἔδειν
955 1229 1034 1297 ἔδερε
1053 1232 1155 1286 Bacch.

631 1385 653 1442 2

206 1481 302 1554 Quint.
325 1486 352 1548 1,
371 1484 399 1549 6,
414 1483 457 1539 34
490 1483 620 1539 etiamne
645 1479 796 1539 hominem
823 1479 982 1556 appellari,
1016 1480 1091 1555 quia
1118 1481 1155 1540 sit

137 1571 227 1628 humo
256 1573 360 1644 natue,
391 1570 478 1645 quasi
501 1588 571 1628 vero
594 1589 654 1628 non
678 1568 813 1628 omnibus
842 1568 1022 1627 animalibus
1051 1568 1153 1628 eadem

137 1661 235 1736 origo,
269 1663 322 1718 aut
350 1659 396 1717 illi
425 1658 515 1734 primi
547 1659 687 1718 mortales
725 1661 795 1716 ante
828 1676 935 1717 nomen
967 1658 1156 1734 inposuerint

136 1751 234 1807 terrae
258 1768 350 1825 quam
372 1745 454 1806 eibi?

206 1847 241 1913 cf.
257 1848 369 1918 Ημμικι·
381 1847 506 1913 fabulam
519 1849 576 1901 220
592 1847 767 1912 desinentem
787 1846 871 1900 homo
885 1847 1001 1899 vocatur
1019 1846 1151 1913 quoniam

136 1918 271 2056 {241}ch
283 1918 395 2057 ῆῆδεσοτ
409 1933 469 1971 esee
483 1917 576 1971 factus
591 1919 730 1988 (Βτνκαμε
744 1934 786 1986 cp.
796 1922 824 1984 2,
833 1921 897 1972 218.
925 1916 1087 1984 Βνιολιιλεν,
1100 1918 1151 1973 aa

631 2071 652 2126 3

203 2166 299 2240 Quint.
312 2171 339 2234 1,
352 2166 380 2231 5,
394 2169 435 2225 66
449 2186 484 2225 cx
497 2166 593 2224 tribue
608 2159 751 2244 [vocibus]
770 2168 889 2224 nostrae
907 2167 1012 2240 utique
1031 2165 1151 2244 linguae

135 2274 195 2314 non
205 2257 407 2330 concesserim,
415 2255 551 2330 quamvis
560 2256 802 2314 -inveniantur
812 2255 864 2330 qui
871 2253 1051 2329 Lupercalia
1060 2273 1152 2330 aeque

135 2346 189 2403 tris
204 2347 304 2421 partes
319 2346 463 2405 orationis
478 2363 540 2404 esse
555 2343 737 2405 contendant
755 2343 841 2419 quasi
855 2344 936 2402 luere
950 2362 1005 2419 per
1018 2361 1150 2420 caprum.

206 2445 287 2498 aliter
301 2443 390 2499 Varro
409 2443 443 2498 άι
461 2445 476 2498 λ.
497 2445 531 2498 L.
548 2447 631 2510 6,13.

630 2597 649 2652 4

203 2692 276 2751 Gen.
300 2694 350 2760 18,
369 2693 432 2758 6,8
468 2689 568 2749 idonei
600 2708 705 2749 vocum
739 2690 930 2764 antiquarum
962 2691 1150 2748 enarratores

132 2781 323 2839 tradiderunt
340 2784 508 2840 matronam
527 2779 639 2839 dictam
658 2797 720 2838 esse
744 2779 871 2856 proprie,
894 2797 971 2854 quae
995 2778 1028 2836 in
1045 2780 1149 2838 matn‘·

133 2870 265 2928 monium
295 2888 360 2928 cum
389 2871 453 2928 viro
482 2869 681 2942 convenisset,
712 2867 812 2944 quoad
838 2867 870 2925 in
898 2885 932 2926 eo
954 2867 1149 2926 matrimonio

133 2962 276 3032 maneret,
296 2958 387 3017 ctiam
406 2958 431 3017 si
450 2957 536 3017 liberi
554 2957 686 3016 nondum
703 2959 769 3015 nati
789 2957 896 3031 forent,
914 2955 1087 3032 dictamque
1105 2956 1149 3015 ita

106 3061 196 3106 cesse
220 3066 238 3105 a
260 3047 366 3106 matria
393 3049 512 3106 nomine
539 3065 599 3104 ncn
627 3045 734 3121 adepto
762 3045 836 3120 iam,
869 3045 920 3104 sed
950 3063 1018 3104 cum
1041 3063 1095 3121 ape
1119 3047 1149 3103 et

133 3136 230 3195 omine
253 3155 322 3194 mox
346 3135 538 3211 adipiscendi,
561 3134 638 3193 unde
661 3137 759 3211 ipsum
782 3152 899 3210 quoque
922 3133 1148 3193 matrimonium

132 3225 250 3300 dicitu,
268 3227 395 3283 matrem
415 3228 515 3284 autem
533 3223 664 3282 familias
684 3223 866 3298 appellatam
880 3241 942 3282 esse
958 3241 1026 3281 eam
1044 3223 1148 3298 sclam‚'

132 3314 264 3390 quaein
287 3313 390 3373 mariti
416 3332 509 3372 manu
535 3313 745 3388 mancipioque
769 3312 875 3371 autin
899 3311 975 3386 eius,
1005 3311 1038 3369 in
1062 3313 1149 3371 cuiue

132 3403 267 3478 maritus,
290 3421 381 3461 manu
403 3399 612 3478 mancipioque
636 3405 721 3476 esset,
744 3401 886 3477 quoniam
905 3419 965 3459 non
988 3399 1020 3458 in
1042 3399 1148 3459 matn'-

75 3482 259 3600 *uium
285 3495 415 3570 tantum,
439 3491 492 3553 sed
513 3492 547 3550 in
563 3490 712 3550 familiam
734 3509 853 3566 quoque
875 3488 978 3549 mariti
997 3491 1028 3548 at
1050 3488 1083 3547 in
1101 3488 1148 3548 aui

191 3584 233 3647 lia
256 3586 364 3650 locum
388 3585 536 3651 venisset.
603 3587 605 3592 '
683 3584 686 3590 ’
