2400 3824
461 185 498 239 M.
519 185 628 238 Tullius
647 185 713 240 Tiro
1030 187 1094 252 397

80 357 162 430 quis
192 354 367 413 advorsus
397 374 469 412 rem
506 372 605 413 suam
641 355 726 430 quid
762 355 847 414 fieri
885 357 1096 432 arbitratur,

80 462 215 502 summa
242 444 277 500 vi
305 446 431 502 contra
460 443 607 518 nititur,
639 464 681 502 ne
709 444 883 504 advorsus
912 464 986 503 eam
1012 447 1095 520 fiat,

81 532 172 607 quod
206 532 416 608 illitamen
443 526 804 609 perpessi'.—p0stea
836 533 927 592 verba
958 535 1030 592 hacc
1062 555 1097 594 ex

81 622 185 681 eadem
213 624 347 680 oratione
377 623 463 697 ponit
496 616 656 701 [VsJ.]:
694 617 749 681 ‘ea
781 641 872 680 nuno
905 623 1096 698 derepente
1111 634 1136 675 δῦ

80 713 186 770 tanta
207 710 391 770 beneficia
409 711 507 769 ultro
530 714 707 786 citroque,
735 715 874 770 tantam
898 714 1097 771 amicitiam

80 798 350 875 relinquemus?
388 800 480 875 quod
503 801 589 860 illos
613 801 766 859 dicimus
786 802 940 860 voluisse
963 802 1097 875 facere,

80 890 117 947 id
147 909 208 948 nos
239 891 380 965 priores
411 890 531 948 facere
562 886 853 965 occupabimus?'
901 891 965 949 hoc
997 891 1097 966 inquit

81 979 307 1055 enthymema
336 996 487 1053 nequam
517 981 551 1037 et
580 981 752 1038 vitiosum
783 982 851 1054 est3
885 979 1097 1055 responderi

81 1069 174 1126 enim
192 1069 329 1143 potuit:
353 1068 608 1143 occupabimus
627 1071 735 1143 certe,
759 1088 838 1126 nam
857 1071 888 1127 si
906 1088 975 1128 non
994 1086 1095 1127 occu·
1111 1079 1137 1120 ω

80 1159 302 1232 paverimuS,
342 1159 584 1232 opprimemur
619 1158 920 1234 incidendumque
957 1159 1029 1216 erit
1060 1160 1096 1214 in

81 1245 249 1320 insidias,
280 1266 296 1302 a
321 1246 448 1320 quibus
476 1249 558 1304 ante
581 1266 650 1305 non
674 1249 881 1306 caverimus,
927 1249 1096 1322 recteque

81 1335 182 1410 inquit
217 1337 281 1393 hoc
313 1337 405 1393 vitio
439 1335 500 1393 dat
531 1335 694 1396 Lucilius
729 1331 832 1415 [1169
850 1330 930 1414 Mu]
968 1341 1096 1412 poetae

82 1424 293 1500 Euripidae,
323 1424 415 1499 quod
444 1444 518 1483 cum
542 1424 788 1500 Polyphontes
816 1445 875 1484 rex
903 1429 1095 1501 propterea

81 1531 118 1572 ae
136 1514 367 1572 interfecisse
391 1515 541 1572 fratrem
564 1513 715 1588 diceret,
739 1515 831 1589 quod
854 1517 930 1589 ipse
954 1517 1037 1572 anta
1056 1515 1137 1572 deo

81 1621 165 1661 nece
185 1601 260 1661 eius
283 1602 476 1662 consilium
499 1603 667 1679 cepisset,
691 1604 837 1678 Meropa
859 1604 989 1662 fratris
1009 1621 1097 1661 uxor

81 1691 179 1751 hisce
208 1687 332 1769 ad<eo>
359 1711 434 1750 eum
458 1692 577 1750 verbis
608 1693 760 1751 eluserit
790 1686 841 1771 [fr.
862 1685 1023 1771 451N.²]:
1056 1686 1099 1751 ‘rr'

80 1779 146 1860 γάρ
171 1773 198 1839 σ’
228 1779 385 1858 ἔμελλεν,
414 1777 458 1851 ὡς
481 1778 523 1840 σὺ
551 1780 635 1858 φής,
659 1781 813 1840 κτείνειν
836 1780 954 1858 πόσις,
975 1775 989 1859 s
1008 1789 1096 1859 χρῆν

81 1867 141 1928 καὶ
162 1865 198 1928 σὲ
222 1866 371 1947 μέλλειν,
391 1866 434 1940 ὡς
453 1867 581 1949 χρόνος
599 1866 830 1948 παρήλυθεν’.
868 1875 905 1929 at
922 1871 986 1929 hoo
1004 1872 1096 1928 enim

80 1961 184 2033 inquit
199 1959 306 2034 plane
321 1959 508 2018 stultitiae
522 1960 666 2034 plenum
680 1963 747 2034 est,
766 1978 805 2019 eo
820 1961 973 2019 consilio
988 1963 1096 2034 atque
1111 1973 1137 2013 ιο

71 2067 123 2107 ea
141 2049 211 2105 fini
229 2049 348 2108 facere
366 2049 460 2107 velle
476 2048 630 2124 aliquid,
649 2051 704 2107 uti
719 2068 909 2125 numquam
925 2049 961 2106 id
981 2049 1097 2106 facias

82 2137 176 2213 quod
201 2137 299 2195 velis.
324 2140 452 2213 —post
475 2137 579 2197 deinde
603 2156 690 2196 usum
714 2157 776 2197 esse
801 2137 944 2197 Catonem
967 2138 1042 2197 dicit
1065 2137 1096 2194 in

81 2226 186 2286 eadem
209 2228 343 2285 oratione
366 2230 549 2304 argumentis
570 2247 676 2303 parum
699 2227 830 2287 honestis
849 2230 880 2286 et
897 2229 987 2286 nimis
1005 2224 1096 2285 auda-

81 2315 167 2374 cibus
191 2333 225 2374 ac
252 2335 312 2374 non
335 2317 489 2390 vinicius,
519 2319 571 2391 qui
594 2312 750 2392 alio<qui>
771 2308 840 2391 fuit,
867 2317 920 2375 sed
947 2317 1040 2374 vafris
1063 2334 1096 2374 ac

81 2405 246 2464 fallaciosis
265 2407 295 2463 et
313 2405 400 2480 quasi
415 2403 595 2463 Graecorum
615 2407 814 2481 sophistarum
833 2406 981 2465 sollertiis.
1018 2423 1097 2462 nam
1111 2419 1136 2460 ιι

82 2513 160 2552 cum
187 2493 396 2552 obiceretur
425 2494 525 2569 inquit
554 2495 811 2568 Rodiensibus,
844 2494 936 2570 quod
963 2494 1097 2552 bellum

82 2584 217 2660 populo
241 2583 397 2642 Romano
419 2584 539 2641 facere
561 2585 778 2656 voluissent,
808 2584 957 2661 negavit
983 2601 1097 2659 poena

83 2690 160 2732 esse
188 2671 328 2748 dignos,
361 2674 445 2747 quia
472 2672 507 2730 id
535 2692 604 2731 non
632 2674 818 2748 fecissent,
851 2675 920 2732 etsi
947 2671 1096 2731 maxime

82 2762 304 2835 voluissent,
345 2761 552 2838 induxisseque
590 2782 657 2820 eum
693 2762 779 2835 dicit,
821 2782 910 2838 quam
947 2761 1098 2820 dialectici

82 2848 248 2930 ἐπαγωγὴν
265 2852 427 2926 appellant,
449 2870 511 2909 rem
532 2851 691 2909 admodum
713 2851 888 2910 insidiosam
906 2853 937 2909 et
959 2851 1097 2927 sophisti·
1111 2864 1138 2904 so

83 2958 150 2998 cam
168 2959 264 3015 neque
284 2939 322 2998 ad
338 2942 479 2999 veritates
497 2941 593 3017 magis
608 2960 697 3016 quam
717 2941 755 2998 ad
774 2940 926 3016 captiones
940 2942 1098 3015 repertam,

83 3048 151 3088 cum
167 3031 292 3087 conatus
307 3029 346 3087 sit
361 3030 502 3105 exemplis
517 3029 731 3105 decipientibus
751 3030 898 3107 conligere
913 3029 1098 3088 confirmare-

84 3120 142 3194 que
165 3118 321 3192 neminem,
345 3118 397 3193 qui
420 3119 616 3177 malefacere
640 3117 745 3192 voluit,
767 3120 858 3195 plecti
881 3137 1008 3194 aequum
1027 3137 1098 3192 esse,

82 3209 144 3266 nisi
166 3207 246 3282 quod
273 3207 386 3265 factum
409 3207 517 3282 voluit,
548 3210 638 3267 etiam
666 3208 781 3266 facerit
822 3207 913 3267 verba
941 3211 1040 3266 autem
1064 3226 1099 3266 ex

84 3315 121 3355 ea
144 3297 278 3354 oratione
301 3295 340 3355 M.
365 3296 487 3355 Catonis
515 3297 587 3356 haec
613 3301 684 3356 sunt
707 3291 754 3376 [V
771 3291 863 3376 4J.]:
896 3293 972 3373 ‘qui
1001 3315 1099 3355 acer·
1112 3307 1139 3350 ss

83 3385 172 3443 rime
196 3384 368 3444 advorsus
392 3405 449 3445 eos
473 3386 576 3460 dicit,
604 3389 657 3445 ita
681 3386 770 3444 dicit
792 3387 914 3446 hostes
937 3387 1099 3446 voluisse

63 3475 182 3556 fieri,
218 3475 418 3550 ecquis-est
440 3476 597 3548 tandem,
621 3477 681 3552 qui
704 3478 917 3549 vestrorum,
940 3474 1032 3551 quod
1057 3474 1099 3534 ad

69 3582 161 3627 sese
180 3565 351 3640 attineat,
376 3583 526 3642 aequum
544 3567 694 3629 censeat
710 3565 955 3642 persuasisse
972 3564 1017 3621 so
1034 3582 1118 3619 sm
1164 3602 1180 3739 1
