2400 3824
110 171 174 235 134
261 170 466 226 Grammaticae
486 173 587 226 aetatis
607 171 796 226 Varronianus
815 171 974 242 fragmenta

291 417 335 500 L.
370 414 640 501 ORBILIUS
672 413 938 501 PUPILLUS

451 656 490 720 A.
514 655 781 722 TESTIMONIA

107 759 217 813 VITAE

179 873 204 921 1.
232 868 304 923 Soet.
324 868 357 922 de
374 885 488 938 promor.
509 872 527 921 9
546 867 747 940 <L.>Orbilius
765 867 894 938 Pupillus
912 867 1125 922 Beneventanus

107 941 213 994 Lucios
227 956 396 1008 praenomen
413 940 446 992 e'a
464 940 555 994 iudice
573 939 698 995 Suetonii
716 941 733 994 i.
752 957 774 994 c.
794 946 846 1006 cet;
866 941 1001 1008 ceteroqui
1018 941 1043 994 ie
1062 939 1124 994 ‘Or-

107 1011 200 1066 bilius’
220 1017 405 1080 concrepator.
578 1055 581 1062 ,

178 1095 204 1145 2.
233 1090 306 1146 Suet.
326 1091 392 1145 ebio.
418 1092 508 1144 morte
531 1093 682 1160 pareutum
704 1106 761 1144 una
784 1092 870 1158 atque
888 1090 988 1144 eadem
1007 1089 1055 1143 die
1073 1089 1126 1142 ini-

107 1162 245 1215 mieorum
269 1161 333 1216 dolo
359 1161 592 1230 interemptorum
620 1161 786 1230 destitutus,
813 1162 905 1230 primo
932 1161 1127 1231 apparituram

107 1233 322 1302 magistratibus
341 1233 418 1299 fecit,
441 1232 543 1287 deiude
562 1233 592 1286 in
611 1232 780 1286 Macedonia
797 1232 946 1300 corniculo,
969 1249 1035 1286 mox
1054 1248 1126 1299 equo

106 1305 223 1372 meruit,
251 1304 420 1372 functusque
445 1303 551 1357 militia
576 1304 671 1358 studia
695 1305 823 1373 repetiit,
850 1320 923 1372 quae
940 1303 999 1356 iam
1024 1303 1127 1357 iudea

108 1391 195 1444 puero
210 1392 266 1428 non
280 1376 380 1429 leviter
399 1376 547 1446 attigerat3
568 1393 600 1429 ae
614 1375 755 1444 professus
770 1376 819 1429 diu
833 1376 863 1429 in
876 1375 970 1445 patria
988 1375 1126 1444 quinqua·

108 1447 214 1516 gesimo
248 1448 359 1500 demum
393 1464 466 1500 anno
494 1446 612 1501 Romam
645 1446 758 1501 consule
789 1445 920 1501 Cicerone
954 1447 992 1518 [a.
1013 1446 1126 1518 691s63]

108 1517 223 1570 transiit
233 1551 275 1571 —.
295 1518 366 1572 vixit
379 1535 468 1587 prope
478 1518 514 1571 ad
524 1518 707 1571 centesimum
722 1517 824 1572 aetatis
838 1534 942 1571 annum
957 1517 1062 1571 amissa
1071 1517 1128 1570 iam

107 1589 217 1657 pridem
235 1589 378 1656 memoria,
397 1591 429 1642 ut
447 1606 541 1643 versus
556 1588 685 1642 Bibaculi
705 1589 787 1644 docet
807 1590 937 1660 [FPR4
951 1589 1012 1660 B.]:
1034 1588 1127 1643 ‘Orbi-

108 1659 163 1713 lius
181 1660 297 1714 ubinam
316 1662 367 1726 est‚
388 1660 547 1714 litterarum
565 1660 697 1715 oblivio?’

180 1744 204 1793 3.
233 1741 306 1795 Soet.
321 1741 388 1796 ebio.
408 1740 463 1794 fuit
477 1743 573 1794 autem
587 1743 705 1794 naturae
720 1739 838 1794 acerbae
858 1772 891 1780 -
911 1741 957 1811 [cf.
976 1741 1010 1794 dc
1024 1743 1084 1794 eius
1096 1741 1127 1794 ia

108 1812 258 1881 discobolos
280 1815 426 1882 asperitate
448 1829 536 1880 supro
559 1812 603 1866 De
626 1813 682 1866 led.
707 1813 757 1866 litt.
782 1819 838 1867 teet.
854 1812 910 1882 35].
944 1827 977 1864 ac
995 1827 1032 1865 ue
1051 1811 1127 1880 prin-

108 1881 203 1951 cipum
217 1883 331 1950 quidem
345 1884 467 1936 virorum
481 1883 666 1937 insectatione
681 1883 826 1949 abstinuit,
846 1883 870 1936 si
884 1882 999 1950 quidem
1012 1883 1127 1952 ignotus

109 1953 284 2008 adhuccum
302 1954 407 2008 iudicio
426 1953 568 2022 frequenti
585 1954 779 2008 testimonium
798 1954 912 2020 diceret,
937 1953 1127 2023 interrogatus

109 2041 127 2078 a
142 2024 266 2079 Varrone
281 2025 407 2080 diversae
421 2025 511 2095 partis
526 2026 661 2079 advocato
677 2025 812 2093 quidnam
827 2026 923 2095 ageret
942 2027 971 2078 et
989 2041 1044 2092 quo
1060 2025 1127 2078 arti-

108 2096 171 2150 ficio
195 2099 331 2163 uteretur,
355 2097 517 2168 gibberosos
541 2113 571 2151 se
590 2097 625 2151 de
644 2097 702 2151 sole
720 2097 750 2150 in
769 2096 897 2150 umbram
915 2095 1068 2150 transferre
1085 2112 1128 2150 re·

109 2167 232 2236 spondit,
251 2168 326 2236 quod
345 2168 462 2221 Murena
480 2168 579 2238 gibber
598 2171 665 2222 erat.

181 2252 221 2301 3².
252 2250 376 2302 Moerob.
397 2252 425 2314 2,
440 2253 498 2314 6,4
529 2249 560 2302 in
583 2248 703 2303 eundem
724 2247 843 2302 Galbam
867 2247 1023 2319 [oratorem]
1048 2246 1127 2301 Orbi·

109 2317 164 2370 lius
183 2318 383 2389 grammaticus
403 2319 530 2373 acerbius
553 2319 654 2374 inrisit.
687 2320 831 2388 prodierat
850 2318 973 2374 Orbilius
996 2319 1027 2372 in
1050 2335 1128 2372 reum

109 2389 203 2455 testis3
223 2406 306 2457 quem
320 2389 410 2444 Galba
423 2392 456 2443 ut
470 2390 661 2459 confunderet,
681 2389 858 2444 dissimulata
875 2389 1050 2460 professione
1069 2389 1127 2443 eius

110 2461 296 2532 interrogavit
308 2461 387 2528 ‘quid
402 2462 506 2516 artium
519 2461 629 2517 facisi’:
652 2463 798 2531 respondit
809 2463 849 2515 ‘in
863 2461 922 2516 sole
936 2461 1037 2531 gibbos
1053 2459 1127 2515 soleo

109 2531 230 2587 fricare'
260 2534 292 2586 de
311 2534 402 2588 indole
424 2535 527 2588 Orbilie'
546 2535 580 2600 cf.
596 2533 768 2604 AGLaupe,
788 2535 874 2588 Verm.
889 2533 999 2598 Scire-eft.
1014 2551 1042 2586 o.
1059 2532 1126 2587 Red.

111 2604 190 2672 (Lpe.
207 2608 291 2674 1832)
307 2622 335 2673 p.
352 2609 406 2659 182
419 2623 457 2673 sq.

181 2689 206 2738 4.
234 2685 306 2740 cae.
318 2686 384 2740 aare.
394 2685 511 2752 reliquii
520 2684 610 2738 filium
621 2684 767 2739 oausam.
787 2685 820 2752 ef.
832 2685 876 2739 ue
885 2684 941 2738 eoo.
951 2685 1003 2739 ree.
1014 2689 1071 2738 ase
1083 2687 1127 2737 52.

182 2768 207 2818 5.
237 2767 308 2848 Suet.
337 2765 403 2820 ebed.
423 2770 451 2848 8Ι
473 2783 547 2848 Ι(Ῑιιοε
569 2764 665 2849 'istoros
698 2766 857 2836 [canalium
884 2764 978 2846 E'lmi
1009 2764 1129 2846 elecctos

112 2835 153 2887 M.
170 2837 302 2905 Pompelo
320 2837 488 2907 Androneo]
508 2836 632 2891 Orbilius
651 2852 812 2905 suppressos
831 2835 981 2889 redemisse
1005 2851 1035 2889 se
1059 2834 1129 2888 drcrt

111 2905 322 2975 vulgandosque
341 2923 451 2960 curasse
470 2907 582 2961 nomine
602 2907 730 2962 auctoris.

183 2991 208 3040 6.
237 2987 310 3041 Suet.
322 2989 417 3041 abido
432 2990 526 3040 statua
541 2988 600 3040 eius
610 2976 763 3042 Beneventi
777 2986 934 3042 ostenditur
947 2986 977 3039 in
987 2985 1128 3056 Capitolio

111 3057 147 3111 ad
171 3058 315 3110 sinistrum
338 3058 413 3112 latus
436 3075 593 3112 marmorea
615 3058 716 3112 habitu
739 3058 861 3112 sedentis
885 3075 918 3112 ac
940 3057 1055 3127 palliati
1080 3075 1130 3126 ap·

111 3129 210 3198 positis
230 3129 338 3184 duobus
357 3130 474 3184 scriniis.
953 3149 954 3152 ¹

112 3306 343 3361 SCRIPTORUM

172 3437 197 3484 7.
226 3433 302 3487 Suet.
324 3435 389 3488 e'bcb'.
416 3433 474 3488 iam
498 3449 635 3505 persenex
658 3449 810 3503 pauperem
833 3449 862 3486 se
881 3434 910 3485 et
928 3431 1058 3486 habitare
1076 3431 1129 3484 sub

61 3498 195 3632 ἢθῗῖὲ
203 3505 343 3630 ἕὲἕᾱαω
362 3508 474 3579 scripto
490 3507 607 3564 fatetur.
644 3507 680 3576 cf.
697 3505 889 3607 Guoeicubau,
906 3503 1000 3558 Geaeb.
1012 3503 1131 3558 delusa
