2400 3824
411 223 449 277 M.
468 222 615 277 Terentius
633 223 722 278 Varro
874 249 877 256 ’
1009 224 1073 291 251

56 390 154 450 Varro
177 390 316 450 reddidit.
359 393 430 468 quia
449 394 529 450 enim
552 410 629 466 arca,
652 394 763 469 inqua
785 396 920 453 mortuus
943 394 1075 470 ponitur,

55 479 138 555 quod
156 499 257 539 omnes
275 481 337 540 iam
356 481 574 559 sarcophagum
592 484 709 556 vocant,
728 480 816 561 σορὸς
834 483 944 541 dicitur
962 501 1075 560 graece,

57 572 88 628 et
102 569 145 627 ibi
159 589 227 628 eum
241 570 377 629 venerari
391 571 541 646 sepultum
555 574 722 647 coeperant,
739 573 916 648 priusquam
928 572 1076 649 templum
1090 594 1103 634 a

54 659 122 718 eius
144 662 221 718 esset
244 661 427 732 extructum,
456 659 540 718 velut
567 678 649 719 soros
673 663 703 719 et
726 659 800 736 Apis
825 660 947 737 Sarapis
970 661 1075 738 prime,

54 747 163 894 {letarde
190 767 251 806 una
280 748 396 823 littera,
424 751 463 806 »ut
489 748 553 807 fieri
578 749 712 824 adsolet,
744 753 926 808 commutata
955 749 1075 826 Serapis

79 838 154 895 'ctus
177 839 230 896 est.

54 1007 76 1061 d
108 937 311 1062 zssffidiv'
326 936 353 989 d.
368 941 412 1002 18,
427 940 445 990 5
457 951 555 991 ncmlnia
568 939 665 991 autem
677 951 745 992 huiue
758 970 786 978 -
799 952 872 993 drutus
886 955 926 993 eat.
945 938 980 1004 cs.
989 938 1077 992 Varro

75 1025 90 1061 c
119 1049 125 1060 .
174 1049 179 1060 .
217 1049 226 1074 ,
280 1050 285 1062 .

53 1277 107 1346 EX
131 1291 247 1347 LIBRIS
272 1292 322 1346 DE
345 1293 433 1346 VITA
456 1292 587 1346 POPUH
612 1292 758 1346 ROMANI
782 1294 833 1346 AD
856 1291 1021 1348 ATTIOUM
1038 1293 1078 1347 IV

129 1437 196 1491 libri
213 1453 239 1489 α.
260 1434 360 1506 711143
378 1436 475 1505 serapti
493 1453 548 1490 ecce
565 1436 694 1490 videnlur
713 1437 758 1505 (cf.
779 1437 886 1492 Ilitaclcl
904 1454 946 1505 cp.
967 1440 993 1503 3,
1012 1439 1076 1491 450.

56 1507 180 1573 Kctlncr,
201 1507 243 1560 M.
267 1507 325 1562 Ter.
347 1508 426 1561 Varr.
446 1508 478 1561 de
497 1509 555 1562 'eata
568 1524 599 1575 p.
616 1507 650 1562 Il.
671 1524 740 1576 quae
758 1513 860 1562 calcat.
889 1509 983 1562 Halae
1002 1511 1078 1562 1863

50 1595 83 1647 p.
103 1580 138 1646 3).
171 1579 327 1649 frapmeata
344 1580 404 1632 coll.
424 1579 540 1633 Kellaer
559 1579 665 1633 ibidem.

417 1749 479 1804 191
505 1741 562 1826 [29
586 1741 719 1825 Keaaer]
755 1802 756 1806 ,

124 1863 171 1920 llb.
195 1863 222 1919 I.
260 1861 402 1921 adoreum
424 1881 543 1938 quoque
567 1862 604 1920 ab
627 1881 662 1921 ec
686 1862 799 1920 dictum
821 1864 912 1938 putat
940 1855 1075 1941 [Varro]

53 1949 136 2027 quod
160 1951 218 2009 cibi
242 1970 295 2009 ora
317 1951 349 2008 id
372 1953 417 2010 est
439 1951 621 2028 principium
644 1953 684 2010 sit
706 1952 760 2010 far.

128 2051 203 2104 Noa.
218 2067 248 2118 p.
265 2053 309 2116 59,
324 2053 342 2104 5
362 2049 438 2120 [post
454 2051 491 2116 fr.
508 2049 575 2121 199]
594 2064 701 2104 adoreum
715 2082 742 2090 -
755 2064 797 2104 aar.
820 2049 856 2117 cf.
875 2049 913 2103 ld.
928 2066 958 2118 p.
975 2053 1077 2116 52,14.

51 2122 141 2176 Paul.
161 2122 233 2176 Fal.
250 2138 279 2189 p.
295 2125 320 2187 3,
336 2126 379 2175 10.
408 2121 478 2175 Isia.
494 2139 531 2176 or.
548 2126 591 2187 17,
606 2126 632 2187 3,
647 2126 670 2176 c.

488 2292 553 2349 192
577 2283 649 2368 [17]

124 2405 189 2462 l.I.
235 2405 359 2480 itaque
390 2405 552 2464 calendis
582 2406 800 2464 calebantur
825 2404 862 2462 id
892 2407 947 2462 est
973 2421 1080 2462 vcca-

54 2495 204 2567 bantur,
237 2496 272 2552 et
302 2494 343 2551 ab
374 2513 413 2552 eo
443 2493 614 2553 calendae
646 2495 869 2570 appellatae,
900 2492 992 2568 quod
1023 2495 1080 2551 est

54 2585 213 2642 tractum
237 2602 255 2640 a
278 2581 438 2657 Graecis,
463 2585 526 2658 qui
549 2587 670 2642 καλεῖν
693 2601 821 2642 vocare
845 2583 1023 2640 dixerunt.

129 2681 204 2735 Noa.
215 2699 245 2751 p.
260 2685 305 2748 23,
320 2685 358 2735 27
377 2680 560 2734 calendarum
572 2679 742 2735 vocabulum
755 2681 901 2750 proprium
910 2678 999 2733 Varro
1014 2696 1080 2732 con-

54 2752 157 2821 plexus
181 2756 224 2806 eat
247 2752 282 2805 de
305 2752 366 2805 vita
388 2751 487 2821 populi
505 2752 625 2806 Romani
649 2751 699 2806 lib.
713 2751 739 2804 I:
762 2766 839 2814 remae
852 2782 880 2792 -
894 2765 1007 2805 circnma
1043 2751 1079 2816 cf.

62 2826 152 2878 Varro
174 2825 207 2878 de
231 2825 247 2876 l.
267 2823 301 2876 L.
323 2828 348 2889 6,
369 2827 414 2878 27.
454 2823 536 2878 Paul.
565 2825 639 2878 Feel.
666 2841 694 2892 p.
713 2828 815 2889 225,e
842 2825 897 2891 (38,
916 2826 970 2891 13).
1010 2823 1079 2878 Gall.

56 2899 102 2962 15,
120 2899 167 2961 27,
185 2899 212 2950 2.
245 2895 319 2949 Sere.
339 2896 415 2950 Dae.
436 2896 505 2950 Aea.
524 2900 550 2962 8,
565 2899 627 2950 654.
662 2896 960 2961 Macrob.1,15,10.
994 2893 1081 2948 GGL

489 3083 554 3140 193
577 3075 649 3160 [re]

125 3197 190 3254 l.I.
238 3196 344 3273 quod,
378 3200 460 3256 ante
492 3217 595 3272 quam
619 3216 744 3255 nomen
767 3197 859 3257 dolii
881 3173 1078 3273 prolatura,

56 3305 135 3345 cum
159 3285 327 3344 etiamid
349 3304 459 3365 genus
482 3304 649 3344 vasorum
676 3285 800 3361 calpar
823 3285 1016 3360 diceretur,
1043 3285 1080 3343 id

56 3377 180 3434 vinum
203 3375 327 3451 calpar
350 3375 583 3451 appellatum.

48 3517 72 3551 ς,
121 3475 195 3525 Nm
209 3489 241 3553 13·
263 3477 326 3540 546,
340 3478 383 3529 28
401 3474 502 3546 calpae
520 3476 640 3534 nomine
661 3476 787 3548 antique
807 3474 937 3530 detrun.
959 3468 1066 3521 ‘lama
1083 3463 1126 3512 aa

22 3540 382 3677 22122222
410 3547 466 3606 ΗΒ·
485 3549 513 3607 1²
547 3568 615 3620 Μ
629 3587 657 3594 -
674 3567 838 3619 *erere
877 3546 921 3613 a.
943 3538 1041 3645 aaa
1057 3529 1148 3623 Μ·
