2400 3824
272 187 309 241 M.
329 187 437 240 Tullius
457 186 530 242 Tiro.
547 216 550 222 ·
567 186 716 256 Pompeius
735 187 861 242 Lenaeus
1009 191 1075 254 403

58 355 151 432 quod
178 355 303 415 limum
332 352 555 432 appellatur,
586 358 647 432 qui
674 357 949 434 magistratibus
977 358 1076 435 inquit

57 444 422 523 praeministrabant,
446 448 558 504 cincti
581 449 692 504 erant.

132 545 200 599 Geli.
216 548 259 611 12,
274 548 330 610 3,1
349 543 468 613 Valgius
488 544 578 598 Rufus
597 543 697 615 [t'.1].
734 547 763 598 et
785 561 837 598 nos
856 561 924 598 sane
943 562 1006 598 cum
1024 545 1074 600 illo

57 615 207 682 sentimus,
231 615 280 669 sed
298 629 351 670 uiro
369 629 499 669 rumus—
517 629 672 670 emanarant.
709 616 733 668 si
752 615 815 684 quis
834 619 928 669 autem
948 619 1001 682 est,
1026 617 1075 685 qui

56 689 205 755 propterea
232 688 315 756 putat
339 686 515 755 probabilius
544 702 604 740 esse
632 687 707 754 quod
735 687 800 741 Tiro
829 687 913 753 dixit,
941 687 1075 755 quoniam

56 758 149 826 prima
167 757 278 826 syllaba
296 758 326 810 in
344 757 455 824 lictore,
475 757 559 812 sicuti
578 758 608 810 in
626 757 705 823 licio,
728 759 866 826 producta
885 761 928 813 est
947 759 1023 812 etin
1041 775 1075 814 eo

55 829 141 883 verbo
161 830 236 896 quod
255 831 299 882 est
316 828 375 898 ligo
394 832 523 898 correpta
541 833 597 896 est,
621 829 692 881 nihil
712 829 748 882 ad
766 845 826 883 rem
848 830 925 883 istud
943 830 1074 898 pertinet.

56 918 122 953 nam
149 901 222 954 sicut
241 917 257 953 a
280 900 396 968 ligando
421 901 512 966 lictor,
536 903 564 954 et
588 918 605 953 a
627 899 747 970 legendo
771 901 859 955 lector
882 904 911 956 et
934 919 950 954 a
972 901 1074 956 viendo

55 972 131 1025 vitor
155 973 208 1042 [ita
226 972 409 1026 ereirrnann:⁴
426 972 545 1026 vivendo
563 973 652 1026 victor
670 972 759 1043 codd]
779 974 808 1026 et
825 973 931 1026 tuendo
950 976 1028 1028 tutor
1045 976 1075 1028 et

57 1043 191 1096 struendo
220 1045 342 1098 structor
368 1043 527 1111 productis,
560 1059 632 1111 quae
661 1043 897 1112 corripiebantur,
929 1043 1074 1099 vocalibus

57 1114 136 1167 dicta
161 1116 232 1168 sunt.
270 1115 305 1180 cs.
332 1114 424 1170 (irone.
449 1114 514 1169 Lat.
529 1117 549 1168 Ι
564 1119 610 1180 29,
625 1119 668 1168 15.
694 1119 756 1182 167,
771 1119 815 1169 18.
842 1119 963 1182 366,18.
1001 1117 1073 1171 Sero.

56 1188 127 1240 Aen.
142 1189 257 1252 12,120.
286 1187 730 1253 Irid.n.15,14,2.19,22‚26.
751 1190 830 1252 aar.
858 1187 923 1241 baec
941 1188 979 1241 nd
997 1189 1073 1242 Pun-

55 1258 147 1311 deetas
165 1259 303 1325 pertinere
325 1265 409 1325 pato,
437 1259 485 1311 sed
507 1258 546 1312 ad
568 1258 701 1325 epistulas
723 1275 827 1326 quoqne
850 1266 913 1327 apte
934 1260 1075 1327 quadrant

55 1330 101 1397 (cf.
122 1329 199 1400 Valp.
219 1329 287 1395 Rns.
307 1329 324 1382 l.
339 1330 377 1398 c).
555 1350 557 1355 ’

297 1621 561 1708 POMPnIUS
593 1622 833 1710 LElNAEUS

430 1826 701 1892 TESTIMONIA

53 1914 166 1968 vrum

128 2026 152 2075 1.
181 2021 253 2076 Snet.
273 2022 306 2075 de
323 2039 436 2092 promen.
453 2027 487 2076 15
512 2022 637 2074 Lenaeus
657 2020 754 2091 Magni
768 2021 883 2090 Pompei
907 2021 1025 2077 libertus
1044 2025 1073 2078 et

53 2108 146 2162 paene
174 2092 303 2146 omnium*
327 2093 537 2161 expeditionum
567 2109 658 2146 comes
682 2091 814 2146 defuncto
838 2108 870 2146 eo
898 2093 936 2165 [a.
953 2095 1072 2166 706148]

53 2164 176 2233 filiisque
191 2163 251 2216 eius
267 2164 303 2234 [a.
321 2164 429 2236 719135
443 2164 535 2234 Senio]
550 2164 647 2218 schola
661 2179 691 2217 se
705 2164 941 2249 sustentavit[vd.
956 2166 1001 2219 De
1014 2167 1070 2221 ind.

54 2237 106 2290 litt.
128 2242 184 2290 teet.
200 2235 257 2306 38].
280 2266 310 2278 —
330 2235 453 2289 traditur
472 2237 567 2289 autem
585 2251 655 2303 puer
674 2234 766 2289 adhuc
785 2233 903 2289 Athama
923 2237 1072 2306 subreptus

52 2306 192 2374 refugisse
201 2307 232 2358 in
241 2307 373 2375 patriam,
386 2306 582 2376 perceptisque
596 2305 762 2360 liberalibus
777 2305 935 2376 disciplinis
949 2308 1072 2376 pretium

53 2396 136 2432 suum
156 2377 269 2445 domino
291 2377 444 2444 rettulisse,
467 2395 562 2432 verum
581 2378 617 2431 ob
637 2377 783 2446 ingenium
806 2379 892 2446 atque
915 2379 1072 2432 doctrinam

53 2448 143 2519 gratis
168 2448 364 2503 manumissus.
402 2450 519 2504 Athenio
541 2467 567 2503 a.
584 2449 692 2518 668186
718 2449 862 2517 enbreptne
887 2466 940 2504 eece
965 2451 1072 2505 videtne

54 2522 100 2588 (cf.
115 2520 261 2587 Hiibcter,
280 2521 371 2575 Fiecie
385 2521 499 2575 Janroo.
514 2522 603 2590 suppl.
620 2525 660 2574 18.
682 2523 754 2574 1892
769 2538 797 2588 p.
813 2524 891 2590 377);
911 2538 967 2590 qna
985 2528 1072 2576 aetate

53 2595 79 2646 si
92 2608 166 2660 puer
183 2599 250 2658 erat,
269 2593 345 2646 intra
364 2608 454 2646 annos
473 2591 747 2664 654J100-—660J94
765 2597 849 2646 neten
867 2599 912 2646 eet.

124 2683 152 2734 2.
179 2680 265 2736 Soloi.
285 2683 316 2734 in
335 2682 429 2735 Inoen.
446 2685 471 2746 1,
485 2685 523 2735 20
542 2681 698 2749 (Auruncae
717 2679 795 2733 flexit
815 2679 954 2749 alumnus)
974 2712 1007 2721 -
1027 2680 1071 2734 vel

52 2753 194 2805 Lenaeum
213 2751 291 2818 dicit,
310 2752 359 2819 qui
378 2751 484 2820 etipse
503 2753 612 2805 saturas
632 2751 751 2819 scripsit.
778 2753 804 2805 ei
821 2758 889 2806 reete
900 2769 954 2820 pro
968 2753 1071 2807 tradito

54 2823 180 2877 ‘lenium’
205 2825 246 2878 ita
270 2824 449 2878 Oneonbonns
472 2823 624 2878 emendavit
646 2823 698 2891 (ed.
722 2823 786 2876 item
810 2823 921 2878 ‘leniae’
944 2825 976 2877 in
993 2824 1070 2878 codd.

53 2895 147 2950 Plinii
164 2912 192 2947 n.
207 2895 232 2948 h.
249 2897 296 2960 25,
306 2897 360 2964 63),
387 2895 468 2949 aliter
485 2895 529 2949 tie
543 2894 686 2963 proditum
705 2895 737 2948 de
752 2896 850 2962 patrie
868 2895 975 2949 Lenaei
991 2897 1071 2950 tate·

52 2983 114 3020 mne
133 2972 213 3034 atone
233 2983 277 3035 ap.
293 2966 454 3020 Suetonium
473 2966 517 3035 (cs.
534 2965 631 3032 Mara,
650 2966 740 3020 Lucii
755 2981 839 3020 carm.
854 2966 910 3020 rell.
926 2971 942 3019 1
958 2984 987 3035 p.
1003 2967 1069 3034 121).

125 3060 150 3110 3.
179 3054 252 3109 Snet.
272 3055 304 3108 de
322 3071 436 3125 peomne.
451 3058 470 3108 2
485 3081 518 3100 =
533 3055 577 3109 De
595 3055 652 3108 ind.
673 3055 723 3108 lin.
743 3060 800 3109 test.
819 3057 855 3108 14
874 3055 916 3122 (de
936 3055 1070 3111 Archelao

52 3129 159 3182 Lenaei
176 3127 317 3196 mopiam)

53 3267 284 3324 SCRIPTORUM

124 3381 149 3430 4.
177 3376 244 3431 Suet
261 3376 294 3430 de
316 3393 429 3446 mamm.
446 3379 481 3429 15
500 3377 544 3444 (=
559 3376 668 3430 Peteon.
687 3381 739 3429 sat.
754 3392 784 3443 p.
799 3373 920 3440 anlaf)
943 3373 1069 3427 Lenaeus

51 3480 84 3490 -
104 3449 186 3502 tanto
205 3463 298 3501 amore
318 3463 385 3516 erga
403 3445 515 3515 patroni
537 3446 701 3499 memoriam
724 3444 830 3510 extitit,
854 3449 886 3499 ut
905 3443 1070 3498 Sallustium

49 3518 225 3584 historicum,
245 3519 320 3586 quod
337 3525 401 3572 eum
416 3518 472 3572 oris
486 3516 576 3586 probi,
596 3517 689 3571 animo
703 3515 889 3571 inverecundo
905 3515 1075 3584 scripsisset„

50 3589 232 3646 acerbissima
250 3592 369 3643 satura
387 3588 527 3656 lacerarit,
549 3588 710 3644 lastaurum
727 3589 758 3645 et
771 3587 928 3642 lurconem
950 3589 982 3638 et
994 3583 1092 3635 neon-

823 3676 880 3733 ab*
