2400 3824
145 169 211 232 496
312 167 518 224 Grammaticos
537 169 639 223 aetatis
658 170 820 238 Augusteae
838 169 1000 240 fragmenta

145 337 402 396 Praetextatus
426 338 561 397 nobilis
587 340 866 414 grammaticus
890 337 1081 409 Latinus,
1106 335 1168 393 dc·

145 427 400 485 clamantium
438 427 567 484 deinde
605 427 752 485 auditor
789 430 896 501 etque
934 428 1167 502 praeceptor,

144 515 188 575 ad
212 535 392 574 summam
415 516 630 594 Philologus
655 515 696 576 ab
721 518 832 574 semet
854 517 1072 574 nominatus

216 613 289 668 Suet
308 615 341 668 de
358 632 472 684 cracem.
489 620 524 667 10
543 615 578 667 dc
597 615 695 668 codem
714 615 760 685 [L.
777 615 856 669 Ateio
875 612 1033 696 Philologus]
1053 613 1166 666 Asinius

145 683 258 738 Pollio
250 703 280 738 m
298 685 379 752 libro
399 703 454 752 quo
470 685 597 739 Sallustii
616 685 722 754 scripte
739 685 922 754 reprehendit
939 687 973 737 ut
991 684 1083 737 nimia
1096 684 1166 752 prie-

144 773 240 810 corum
253 756 400 810 verborum
415 755 594 811 affectatione
610 756 750 822 oblitat1t
752 773 769 810 a
782 756 927 809 traditrm

144 845 216 883 natue
248 829 284 894 cf.
308 830 404 896 Pomp
424 829 580 882 Lenaeust
569 835 625 882 t.est
641 833 665 882 4.
704 829 848 898 Acpecctus
871 846 916 896 op
935 827 1009 882 Suet.
990 781 1114 896 τηΑιιρ.
1122 831 1164 881 86.

217 960 232 1005 2
252 952 367 1020 quidem
385 953 473 1007 Jahn:
494 953 609 1020 quidam

423 1219 621 1273 EPISTULAE
640 1219 690 1272 AD
709 1217 807 1272 PLAN
809 1217 885 1272 CUM

216 1369 308 1417 ιιΐιιιιιι
331 1364 396 1417 haec
418 1363 536 1431 epistula
559 1380 577 1415 a
600 1363 669 1416 lehre
691 1365 829 1431 superiore
851 1362 1048 1431 distinqueueia
1072 1362 1109 1415 sit
1126 1378 1160 1413 aa

144 1451 210 1499 ιιοιι,
228 1436 316 1488 variis
335 1435 475 1489 seuhntiia
493 1434 665 1502 disputatum
683 1440 735 1500 ιιι,-
754 1433 848 1501 potuit
869 1440 961 1487 tamen
980 1433 1049 1487 teter
1068 1434 1113 1486 elle
1130 1448 1159 1485 ea

145 1507 270 1572 epistolia
283 1507 321 1559 ad
335 1507 484 1573 exemplum
498 1505 594 1560 Sicuti
608 1506 752 1574 Capitonis
766 1506 810 1574 (ef.
821 1506 918 1573 supra)
933 1511 1065 1558 constare.
1095 1506 1158 1558 eice-

145 1578 204 1633 dem
223 1580 378 1647 crycmeati
395 1583 433 1630 est
450 1578 486 1643 fr.
502 1581 545 1630 12.

643 1746 666 1805 2

212 1869 317 1928 Asinio
336 1870 466 1929 Pollioni
488 1872 521 1927 in
539 1869 669 1946 quadam
689 1869 827 1944 epistula,
852 1886 941 1943 quem
960 1867 1000 1926 ad
1018 1868 1157 1926 Plancum

144 1961 274 2034 scripsit,
306 1961 336 2017 et
363 1959 540 2034 quibusdam
571 1958 639 2017 aliis
665 1956 695 2016 G.
719 1957 863 2016 Sallustio
893 1959 1006 2032 iniquis
1038 1957 1157 2034 dignum

144 2050 217 2107 ncta
231 2050 329 2107 visum
345 2050 397 2121 cst,
416 2048 496 2124 quod
513 2049 546 2104 in
564 2050 661 2122 primo
680 2046 873 2105 historiarum
889 2048 980 2104 maris
1000 2049 1156 2106 transitum

144 2138 411 2212 transmissumque
443 2136 569 2195 navibus
599 2137 712 2194 factum
742 2139 961 2212 transgressum
994 2136 1157 2211 appellavit

117 2242 263 2301 reosque,
292 2228 345 2301 qui
367 2227 478 2284 fretum
506 2227 742 2298 transmiserant,
771 2243 844 2300 quos
866 2225 1079 2284 transfretasse
1102 2224 1157 2282 dici

144 2314 268 2373 solitum
293 2319 346 2390 est,
369 2317 569 2391 transgressos
594 2315 677 2373 dixit.
719 2313 810 2372 verba
832 2316 899 2389 ipsa
923 2311 1051 2372 Sallusti
1074 2315 1156 2390 posui

145 2397 196 2482 [fr.
219 2397 411 2482 1,104M.]:
435 2398 549 2478 ‘itaque
573 2402 721 2462 Sertorius
744 2403 803 2461 levi
826 2402 976 2478 praesidio
999 2404 1104 2462 relicto
1127 2404 1156 2458 in

143 2493 334 2552 Mauretania
361 2496 486 2552 nanctus
510 2492 666 2551 obscuram
694 2493 811 2550 noctem
834 2494 919 2550 aestu
944 2492 1075 2550 secundo
1098 2491 1155 2548 fur-

144 2585 199 2639 tim
223 2586 277 2640 aut
300 2583 450 2641 celeritate
473 2584 569 2640 vitare
597 2581 742 2658 proelium
765 2583 798 2638 in
820 2584 1007 2658 transgressu
1035 2584 1155 2640 conatus

104 2666 209 2731 1oest'.
256 2691 290 2730 ac
314 2672 419 2730 deinde
441 2673 521 2729 infra
544 2673 589 2730 ita
612 2672 731 2745 scripsit
756 2663 1025 2748 [sr.1‚105M.]:
1051 2665 1154 2728 ‘trans-

144 2779 260 2836 gressos
284 2763 378 2820 omnis
402 2763 510 2836 recipit
533 2779 617 2818 mons
640 2762 815 2835 praeceptus
840 2777 858 2817 a
881 2754 1056 2817 Lusitanis'.
1102 2759 1154 2816 hoc

143 2851 237 2926 igitur
264 2853 295 2908 et
320 2852 417 2908 minus
446 2852 566 2925 proprie
595 2852 624 2907 et
654 2846 869 2925 ἀπερισκέπτως
900 2850 930 2906 et
956 2847 1040 2906 nullo
1071 2848 1154 2925 gravi

145 2941 264 2997 auctore
304 2939 416 2998 dictum
453 2939 545 2996 aiunt.
605 2957 674 2996 nam
715 2940 965 3013 transgressus
1002 2938 1103 3013 inquit
1138 2955 1153 2992 a

144 3027 445 3104 transgrediendo
475 3028 611 3085 dicitur
638 3027 745 3102 idque
774 3025 891 3101 ipsum
919 3025 960 3084 ab
988 3027 1153 3102 ingressu

104 3133 129 3173 rs
144 3119 178 3174 et
215 3135 232 3174 a
268 3117 395 3192 pedum
436 3117 548 3193 gradu
589 3116 820 3192 appellatum.
884 3114 995 3173 idcirco
1033 3114 1153 3173 verbum

144 3200 335 3282 ‘transgredi'
356 3207 511 3264 convenire
530 3225 589 3264 non
612 3207 732 3280 putavit
754 3223 849 3279 neque
868 3203 1041 3263 volentibus
1059 3222 1153 3280 neque

143 3294 328 3369 serpentibus
356 3314 451 3370 neque
479 3295 704 3371 navigantibus,
733 3293 784 3352 sed
810 3293 857 3351 his
885 3292 956 3351 solis
981 3292 1034 3368 qui
1056 3292 1153 3370 gradi-

142 3387 233 3441 untur
198 3386 282 3442 uret
304 3384 476 3459 pedibus't
451 3404 509 3441 ιιι
532 3385 720 3442 emetiuntur
766 3384 924 3457 propterea
947 3384 1059 3458 negant
1083 3386 1155 3456 aput

61 3512 76 3613 Ι
139 3475 317 3549 scriptorem
352 3474 491 3533 idoneum
528 3475 581 3531 aut
617 3474 740 3530 navium
776 3473 995 3549 transgressum
1031 3472 1156 3547 reperiri

83 3580 115 3623 eo

124 3583 220 3643 posse
257 3568 315 3627 aut
344 3585 400 3645 pro
431 3542 678 3628 transfretatione
697 3564 924 3636 transgressum
