2400 3824
440 187 478 240 Μ.
497 187 645 242 Terentius
663 186 752 242 Varro

433 404 469 468 Β.
493 402 767 470 FRAGMENTA

311 562 331 617 I.
350 561 540 617 LIBRORUM
559 559 884 617 GRAMMATICORUM

159 681 291 748 4774444444
309 680 398 750 747774,
413 686 438 734 77
456 681 555 734 ullust:
574 679 740 745 Welmaans,
759 679 792 732 de
811 680 853 732 M.
872 678 930 732 Ter.
951 677 1029 733 7444.
1045 679 1106 733 latr.

86 768 201 822 9444444.
221 751 323 820 (Berol.
343 753 435 820 1864),
459 753 538 805 cuiue
560 751 668 804 44444744
685 751 717 803 in
734 751 862 805 4444474744
883 750 986 804 inclusi
1006 749 1108 804 4447444

88 822 305 1021 tt‘fflz
320 821 957 963 7177744717477143417747
974 819 1108 947 Mille

82 983 105 1034 Ρ
195 982 226 1034 77

311 1143 360 1198 DE
379 1142 628 1209 ANTIQUITATE
646 1139 885 1195 LITTERARUM

464 1267 515 1322 AD
538 1268 568 1322 L.
588 1265 726 1322 Acelum

158 1394 208 1449 hoc
231 1410 308 1478 opus,
333 1394 413 1448 744444
435 1394 501 1448 latri
523 1390 1108 1462 44444744474944444444,4444474144

84 1471 195 1533 4477447
212 1467 325 1520 4444444444
344 1481 398 1519 ecoe
400 1481 466 1533 pro
485 1471 554 1519 77474
572 1465 668 1518 heberi
681 1469 770 1532 447747
793 1462 910 1532 (Ruunt
928 1463 946 1516 7.
961 1479 982 1517 e.
998 1479 1028 1531 p.
1043 1465 1106 1516 469.

94 1536 281 1592 1747444447.
292 1553 313 1591 c.
326 1552 355 1604 p.
367 1537 481 1605 117Η44)
515 1535 649 1604 indeque
668 1535 756 1590 Varro
775 1540 862 1589 447447
876 1534 947 1589 allud
965 1533 1109 1600 confecerit

87 1607 216 1674 efficitur,
247 1609 274 1662 44
305 1608 413 1677 quidem
441 1608 542 1662 4477444
570 1623 645 1661 anco
677 1605 733 1672 fere
758 1610 795 1660 84
820 1623 846 1660 a.
872 1606 918 1660 074.
942 1621 970 1658 4.
998 1605 1109 1660 (77774414

88 1678 133 1748 (of.
163 1679 264 1734 Accius
291 1684 347 1734 7744.
374 1680 410 1747 3).
461 1680 604 1746 inscriptio
633 1695 651 1731 4
677 1679 734 1732 4444
762 1677 909 1731 Ρ44477444
935 1680 1042 1731 4744444
1070 1682 1109 1730 744

88 1750 330 1820 (44.1),447774144
343 1757 434 1804 actem
447 1766 481 1804 74
494 1750 600 1804 dnobus
618 1749 828 1817 frustulisquac
841 1754 914 1803 74447
928 1748 1108 1802 7474474447

84 1823 432 1948 tfflfft‘MJttMt
451 1819 1107 1960 7774744771744117747147111

86 1911 174 2032 4774114
191 1910 266 2031 namt,
288 1910 452 2032 minuisti
468 1981 529 2018 744447
546 1909 727 2018 eccesiam
744 1963 889 2017 Prisciani
906 1968 931 2016 77
953 1962 1109 2030 interpretis

87 2035 233 2090 7747447744
252 2035 362 2090 Donati
380 2037 506 2103 beneficio
524 2035 630 2090 tradito
648 2035 803 2089 habeamus.

453 2191 471 2244 1
497 2182 576 2261 [103
606 2179 785 2264 7717447444]

155 2293 271 2352 741411.
309 2296 380 2352 sunt
402 2293 626 2352 indeclinabilia
648 2295 713 2351 tam
732 2291 812 2369 apud
831 2290 958 2351 Graecos
982 2292 1107 2350 elemen-

87 2386 190 2442 torum
213 2383 335 2440 nomina
362 2401 452 2457 quam
476 2382 556 2458 apud
579 2382 712 2455 Latinos,
743 2383 805 2440 4144
829 2381 908 2457 quod
931 2399 949 2438 a
972 2380 1108 2439 barbaris

86 2474 213 2532 inventa
235 2471 384 2545 dicuntur,
408 2471 488 2546 quod
511 2489 574 2530 esse
598 2471 728 2529 ostendit
746 2470 843 2530 Varro
866 2470 898 2527 in
916 2469 947 2528 11
970 2469 1006 2528 de
1030 2469 1107 2527 anti·

88 2561 207 2637 quitata
229 2561 408 2634 litterarum,
431 2561 538 2619 docens
556 2561 662 2638 lingua
681 2558 899 2618 Chaldaeorum
922 2558 1108 2636 singularum

87 2651 211 2710 nomina
234 2649 405 2708 litterarum
428 2649 466 2707 ad
490 2668 591 2707 earum
614 2649 726 2708 formas
750 2666 814 2707 4444
836 2647 918 2706 facta
941 2648 971 2705 et
995 2666 1029 2705 ex
1051 2646 1108 2705 hoc
1135 2663 1147 2705 4

87 2742 202 2798 certum
221 2737 294 2814 fieri,
313 2756 363 2798 eos
382 2757 445 2797 esse
463 2739 576 2814 primos
596 2740 731 2797 auctores
750 2737 929 2810 litterarum,
947 2736 1009 2794 4144
1027 2735 1108 2811 quod

87 2826 238 2904 simplicia
260 2827 333 2887 haec
356 2830 387 2885 et
410 2827 532 2886 stabilia
554 2845 617 2885 esse
641 2826 749 2885 debent
772 2827 858 2902 quasi
881 2824 1108 2884 fundamentum

87 2918 185 2976 omnis
200 2915 353 2976 doetiinae
367 2916 528 2991 immobile,
547 2915 609 2975 4144
624 2915 704 2991 quod
717 2934 771 2975 neo
786 2915 875 2974 aliter
889 2914 969 2990 apud
983 2913 1108 2975 Latinos

85 3009 229 3082 poterunt
261 3023 337 3080 esse,
368 3024 436 3064 cum
463 3024 482 3064 4
511 3007 573 3065 suis
604 3004 726 3065 vocibus
759 3005 877 3063 vocales
908 3005 1108 3078 nominentur,

87 3094 282 3155 semivocales
309 3113 380 3153 vero
406 3096 439 3153 in
467 3113 497 3154 se
521 3094 672 3168 desinent,
703 3097 804 3152 mutae
832 3113 851 3152 a
873 3112 904 3152 44
931 3093 1107 3169 incipientes
1122 3109 1148 3150 1o

86 3184 187 3245 vocali
218 3186 426 3258 terminentur,
463 3201 536 3259 quas
569 3184 594 3242 si
625 3184 741 3257 flectas,
777 3181 956 3261 significatio
990 3200 1106 3258 quoquc

86 3273 243 3332 nominum
266 3292 327 3332 uua
350 3272 506 3332 evanescit.

160 3373 248 3428 Prae.
243 3388 333 3495 ..,?
306 3375 333 3439 7,
346 3374 385 3426 26
400 3371 505 3426 eccidit
519 3369 607 3441 igitur
620 3370 733 3424 litterae
747 3385 849 3423 nomen
863 3369 956 3440 figunt.
967 3370 1116 3436 notentusz

86 3458 200 3512 nomen,
223 3458 256 3497 44
269 3445 301 3496 ut
320 3442 381 3497 ab.
402 3444 432 3496 et
452 3456 735 3500 menneomasun-
707 3467 887 3499 -moms
873 3455 939 3497 4444.
970 3438 1135 3491 oetaeum-

82 3531 145 3567 mm
167 3514 362 3568 4777747747·
380 3521 489 3572 natura
512 3518 599 3575 etiam
626 3518 911 3588 1444444446
935 3510 989 3579 717
1003 3505 1092 3570 ²435
1105 3511 1161 3562 ⁰9⁴*

71 3588 165 3634 7777777
180 3583 234 3636 hoff
249 3601 289 3638 an
312 3585 371 3640 4744
390 3605 428 3644 ece
444 3589 521 3649 741444
550 3593 699 3651 Varronec
727 3611 785 3650 4444.
812 3587 954 3649 euocet,
978 3574 1111 3633 7777777777
1128 3564 1184 3612 al·
