2400 3824
98 163 165 227 422
249 164 454 222 Grammaticae
473 170 575 223 aetatis
594 169 785 226 Varronianus
804 171 962 242 fragmenta

98 322 154 376 fuit
173 341 259 379 causa
278 329 306 380 et
325 327 428 395 Servio,
447 331 479 382 ut
498 329 565 399 dixi,
585 331 794 386 subtrahendae
813 351 825 386 s
844 332 966 396 litterae,
986 335 1122 401 quotiens

97 393 199 449 ultima
218 401 291 451 esset
314 398 426 467 aliaque
450 405 619 456 consonante
643 403 837 472 susciperetur.
875 404 987 459 Seruus
1010 407 1124 460 videtur

94 465 239 604 wei?
264 487 333 537 esse,
359 472 391 538 cf.
417 472 509 542 Quint.
530 479 555 539 9,
575 479 600 539 3,
618 478 663 528 21.
704 477 838 544 ceteroqui
864 476 898 541 cf.
927 478 1011 530 Mass.
1042 478 1120 532 Gora.

167 557 189 592 r.
225 581 230 593 .

418 688 453 752 B.
477 689 537 753 EX
557 689 793 756 RESPONSIS

464 842 482 896 1
510 831 591 916 [116
609 833 746 918 Bremer]

164 941 232 1013 Dip.
253 942 304 1010 50,
321 945 371 1010 16,
388 945 430 1002 30
440 964 489 1018 pr.
523 944 613 1004 Gaius
646 946 723 1005 lib'ro
757 947 883 1022 septimo
915 947 953 1004 ad
984 947 1119 1007 edictum

95 1029 291 1102 provinciale:
320 1033 396 1090 silva
419 1034 531 1092 caedua
554 1038 608 1109 est,
631 1040 665 1093 ut
690 1035 809 1111 quidam
834 1038 953 1111 putant,
983 1055 1063 1111 quae
1086 1039 1118 1094 in

95 1116 151 1174 hoc
173 1117 302 1178 habetur
324 1125 358 1179 ut
381 1123 561 1182 caederetur.
609 1123 730 1183 Servius
758 1143 824 1183 eam
848 1143 919 1199 esse,
948 1143 1027 1200 quae
1053 1144 1118 1184 suc-

96 1206 156 1263 cisa
179 1227 280 1268 rursus
304 1229 339 1267 ex
363 1210 505 1288 stirpibus
530 1216 582 1272 aut
604 1214 754 1272 radicibus
777 1216 951 1284 renascitur.

440 1419 473 1486 (l.
497 1420 770 1487 FRAGMENTA

269 1579 319 1632 EX
338 1579 454 1632 LIBRIS
474 1579 522 1633 ΒΕ
542 1578 666 1634 eccleis
686 1552 937 1632 DETESTANDIS

508 1716 531 1773 2
554 1707 602 1792 [p.
617 1707 696 1791 225]

163 1821 212 1878 lib.
231 1821 279 1879 ΙΙ.
327 1821 447 1880 Servius
480 1820 630 1896 Sulpicius
667 1820 885 1891 iureconsultus
920 1819 967 1876 vir
1004 1821 1119 1878 aetatis

97 1925 167 1966 suae
187 1908 374 1969 doctissimus
393 1910 425 1967 in
444 1910 520 1969 libro
540 1910 576 1967 de
595 1902 686 1968 sacris
705 1908 887 1971 detestandis
905 1896 1038 1967 secundo
1059 1927 1117 1983 qua

96 1997 212 2056 ratione
241 1998 386 2057 adductus
416 2001 631 2058 testamentum
661 1997 784 2057 verbum
813 1990 875 2057 esse
903 1996 1013 2072 duplex
1046 1989 1117 2056 scri-

96 2087 199 2162 pserit,
226 2106 286 2145 non
309 2089 438 2164 reperio3
466 2107 536 2146 nam
560 2080 756 2163 compositum
780 2105 842 2146 esse
866 2084 941 2144 dixit
965 2105 984 2144 a
1005 2085 1117 2144 mentis

97 2176 321 2235 contestatione.

171 2273 238 2327 Geli.
255 2279 361 2342 7,12,1
376 2288 465 2329 Servius
474 2308 500 2315 —
509 2290 675 2330 contestatione.
705 2274 773 2342 quid
787 2273 875 2344 igitur
889 2271 1118 2338 calciamentum,

98 2343 166 2412 quid
198 2344 444 2414 paludamentum,
473 2347 542 2414 quid
573 2346 779 2414 pavimentum,
812 2345 881 2412 quid
908 2344 1119 2411 vestimentum,

98 2415 167 2483 quid
191 2416 248 2469 alia
270 2417 349 2473 mille
371 2434 422 2486 per
440 2418 556 2472 huiusce
576 2417 652 2471 modi
675 2418 794 2470 formam
817 2415 967 2485 producta,
991 2415 1118 2469 etiamne

97 2486 154 2540 ista
172 2489 266 2541 omnia
284 2489 441 2558 composita
455 2489 597 2543 dicemus?
627 2491 661 2556 cf.
681 2489 796 2559 espec.
816 2489 851 2554 fr.
865 2492 912 2553 20,
926 2491 950 2540 1.
979 2487 1075 2542 Instit.
1090 2491 1118 2554 2,

94 2563 134 2612 ’10
147 2576 193 2628 pr.
213 2561 290 2630 (Dip.
309 2565 355 2626 28,
376 2567 400 2627 1,
413 2564 449 2627 2).
478 2562 547 2615 Istc.
566 2578 604 2615 or.
620 2565 646 2626 5,
659 2565 705 2628 24,
718 2565 744 2614 2.
775 2559 852 2615 OGL
872 2560 1032 2625 V157,17.

393 2721 442 2773 EX
460 2720 567 2774 LlBRO
587 2720 635 2773 DE
659 2718 815 2773 DOTIBUS

559 2848 652 2933 3l1]

166 2961 226 3036 qui
250 2981 395 3020 uxorem
415 2962 587 3020 ducturus
611 2964 702 3034 erat,
722 2960 763 3018 ab
783 2980 821 3019 eo
844 2959 935 3018 unde
954 2957 1117 3016 ducenda

100 3053 178 3108 erat
206 3051 456 3126 stipulabatur
479 3071 553 3109 eam
576 3052 611 3108 in
631 3049 901 3108 matrimonium
919 3048 1043 3106 datum
1061 3047 1117 3104 iri.

100 3140 160 3214 qui
177 3139 353 3198 ducturus
368 3143 459 3214 erat,
474 3140 599 3198 itidem
614 3139 820 3214 spondebat.
853 3139 883 3196 is
903 3138 1117 3195 contractus

99 3228 381 3303 stipulationum
396 3229 699 3304 sponsionumque
713 3227 904 3293 dicebatur
918 3225 1116 3301 sponsalia.

73 3321 184 3375 stunc
203 3338 291 3393 quae
311 3321 486 3394 promissa
506 3320 595 3392 erat,
615 3335 745 3392 sponsa
764 3314 1036 3391 appellabatur,
1057 3313 1117 3389 qui

85 3408 341 3485 spoponderat
366 3408 574 3483 ducturum,
596 3424 759 3484 sponsus.

71 3534 74 3539 ·
152 3510 224 3568 cell,
242 3517 347 3585 4,4,1
371 3512 526 3588 sponsalia
548 3511 581 3566 in
610 3525 646 3564 ea
670 3508 757 3587 pasto
778 3501 899 3577 ltaliae,
921 3512 998 3575 uuae
1012 3497 1135 3574 humum

77 3580 247 3659 spoliatur,
280 3591 341 3649 hoc
374 3606 461 3648 more
490 3590 586 3658 atque
616 3581 682 3636 iure
706 3576 798 3630 solita
815 3570 887 3622 iners
905 3565 1022 3628 sempsit
1035 3563 1155 3612 &nsum
