2400 3824
431 202 467 256 M.
487 201 634 256 Terentius
652 202 741 256 Varro
1028 202 1091 267 307

72 370 178 429 finitur
207 374 237 430 et
268 373 365 449 magis
393 371 550 447 rhythmus
579 374 624 431 est
651 391 742 448 quam
772 374 897 432 metron.
944 374 974 430 et
995 373 1093 432 Varro

74 460 148 518 dioit
179 463 258 520 inter
289 461 476 536 rhythmum,
513 463 568 538 qui
598 462 693 520 latine
725 481 866 521 numerus
899 464 1031 537 vocatur,
1064 465 1094 521 et

73 553 202 608 metrum
224 549 279 609 hoo
301 553 444 610 interesse
468 551 547 627 quod
569 553 649 610 inter
671 551 830 609 materiam
853 554 883 609 et
905 552 1048 628 regulam.

146 650 238 703 Diom.
259 668 289 719 p.
308 654 371 716 512,
386 654 423 703 38
447 665 545 704 alienum
564 651 660 703 autem
681 665 761 712 pedem
775 665 922 714 —regnlem
959 650 993 717 cf.
1016 651 1093 705 Mar.

80 721 148 775 Vter.
162 738 192 789 p.
208 725 251 788 41,
265 725 312 776 28.
350 721 429 776 Olor.
451 739 478 790 p.
494 725 616 788 289,15.
657 721 748 776 Diem.
765 739 793 790 p.
809 725 872 788 474,
887 725 913 774 5.
948 723 994 775 At.
1014 721 1092 776 Fert.

69 796 240 860 p.282,17.
278 795 396 861 depost.
420 793 452 847 de
475 810 543 848 mas.
563 798 630 860 5,1,
646 799 669 847 1.
708 792 801 863 Quint.
822 797 848 860 9,
867 797 894 859 4,
913 796 956 846 50.
993 793 1092 863 frapm.

74 865 166 918 Paris.
184 864 276 919 061<
293 865 333 918 VI
346 868 408 930 631,
423 868 465 918 14.

148 977 161 1023 1
182 971 354 1040 recipiantur
374 974 486 1026 Monac.
539 1018 542 1023 .
577 972 674 1026 modos
693 973 786 1026 Poris.
803 976 874 1026 7493

485 1123 580 1182 *287
605 1116 676 1202 [os]

143 1247 356 1306 consideranda
378 1248 410 1305 in
429 1249 532 1307 metris
552 1249 625 1323 oola,
649 1267 725 1324 quae
744 1248 838 1306 latine
856 1247 998 1322 membra,
1021 1248 1093 1306 item

74 1355 200 1410 oomma,
224 1336 303 1412 quod
327 1355 444 1396 oeesum
469 1337 595 1396 anobis
618 1340 738 1414 proprie
762 1336 871 1395 dieitur
892 1369 943 1395 —.
967 1356 1093 1412 quorum

73 1426 244 1484 differentia
257 1427 328 1484 talis
348 1430 405 1485 est:
429 1427 516 1485 oolon
530 1430 575 1485 est
592 1427 757 1485 membrum
772 1427 851 1503 quod
869 1426 962 1485 finitis
977 1429 1094 1486 constat

73 1515 210 1591 pedibus,
233 1534 349 1574 comma
370 1519 470 1574 autem
493 1517 525 1572 in
545 1535 603 1591 quo
621 1515 670 1576 vel
692 1535 762 1592 pars
785 1517 869 1593 pedis
889 1519 941 1574 est.
962 1535 1094 1593 -ergo

73 1623 188 1680 versus,
211 1624 278 1663 oum
303 1598 365 1684 [ex]
390 1625 425 1663 ea
444 1624 504 1680 qua
527 1605 700 1664 ooniunotus
720 1608 784 1664 erat
807 1613 892 1681 parte
912 1605 1094 1680 dissolvitur,
1122 1627 1133 1666 s

74 1694 143 1751 oola
170 1693 273 1769 efficit,
301 1713 368 1752 oum
391 1713 461 1752 vero
485 1713 520 1752 ea
544 1714 604 1769 qua
627 1695 800 1753 ooniunotus
824 1697 888 1752 erat
915 1698 1000 1770 parte
1029 1695 1094 1753 abs-

74 1782 194 1856 ciditur,
222 1783 371 1858 particula
395 1803 470 1858 quae
494 1783 612 1842 divulsa
636 1803 670 1842 ex
693 1803 727 1843 eo
751 1787 804 1857 est,
832 1802 947 1842 comma
970 1783 1094 1858 dicetur,

73 1874 164 1930 utin
188 1873 248 1931 illis
278 1891 378 1931 versus
406 1873 548 1949 solvatur,
576 1875 608 1930 in
635 1873 681 1932 his
706 1873 854 1932 caedatur.
901 1892 971 1931 nam
998 1873 1094 1948 perio·

75 1961 145 2035 dus,
183 1981 259 2036 quae
291 1961 401 2020 Latina
432 1963 679 2037 interpretatione
711 1962 851 2021 oirouitus
883 1963 931 2020 vel
964 1962 1094 2021 ambitus

74 2054 210 2124 vocatur,
244 2045 301 2130 [id]
333 2054 378 2110 est
409 2052 585 2127 compositio
614 2051 724 2127 pedum
753 2054 845 2110 trium
874 2051 922 2110 vel
953 2056 1095 2125 quattuor
1108 2073 1134 2112 ιο

75 2140 126 2198 vel
144 2141 341 2215 complurium
364 2141 508 2200 similium
531 2143 622 2216 atque
648 2140 829 2200 absimilium
853 2140 889 2199 ad
913 2140 945 2198 id
968 2139 1093 2216 rediens,

75 2229 155 2287 unde
180 2228 331 2287 exordium
355 2229 490 2306 sumpsit,
513 2231 591 2289 siout
613 2231 757 2305 temporis
779 2230 907 2288 lustrum
925 2230 973 2288 vel
996 2248 1093 2288 saero-

75 2338 143 2375 rum
173 2319 317 2392 trieteris3
350 2313 474 2396 vel<ut>
501 2320 533 2376 in
563 2320 724 2394 poematis,
759 2319 877 2395 quando
905 2337 965 2376 non
992 2314 1094 2397 (uno)

75 2425 179 2466 versus
203 2425 303 2466 omnes
326 2407 414 2466 metri
438 2427 544 2485 genere
571 2411 752 2485 panguntur,
783 2409 834 2466 sed
858 2428 893 2466 ex
915 2409 1006 2468 variis
1030 2427 1093 2466 ver-

75 2495 158 2555 sibus
186 2515 304 2555 oarmen
335 2515 420 2555 omne
451 2499 647 2572 compositum
676 2517 730 2573 per
759 2499 915 2556 oiromtum
946 2496 1094 2573 quendam
1109 2519 1134 2558 ro

76 2585 115 2644 ad
139 2585 272 2644 ordinem
295 2605 379 2644 suum
405 2586 541 2644 desumit.

149 2687 226 2739 Mar.
252 2686 318 2740 Viot.
336 2702 364 2752 p.
380 2689 424 2751 53,
438 2689 476 2740 27
494 2698 657 2739 consideranda
675 2686 821 2752 praeterea
838 2700 862 2739 m
876 2699 953 2739 metris
965 2716 992 2723 -
1006 2698 1095 2750 dicim,

75 2755 106 2807 id
131 2757 174 2808 est
197 2755 322 2809 extrema
340 2758 369 2809 et
388 2756 490 2825 exigua
508 2772 574 2825 pars
592 2755 622 2807 in
641 2755 737 2810 metris
757 2787 799 2808 —.
819 2782 915 2819 quorum
929 2770 1054 2810 differentia
1068 2788 1094 2796 -

75 2842 191 2890 perirest.
221 2829 302 2880 erunt
319 2828 416 2895 itaque
436 2827 497 2881 oola
515 2826 672 2896 particulae
696 2826 852 2882 solutorum
873 2829 1038 2893 metrorum,
1062 2829 1095 2880 ut

77 2919 119 2952 s*
136 2899 217 2968 [Aen.
234 2904 258 2965 1,
273 2899 302 2970 1]
323 2900 412 2952 ‘arma
432 2899 576 2966 virumque
596 2899 677 2952 cano’
699 2899 744 2970 [of.
760 2900 806 2954 At.
822 2900 901 2954 Fort.
916 2916 942 2967 p.
957 2903 1023 2966 282,
1036 2899 1094 2971 29].

76 3002 110 3010 -
126 2995 180 3033 ergo
194 2995 309 3025 versus-
324 2985 427 3025 desumo.
455 2967 588 3038 περίοδος
606 2970 710 3023 dieitur
729 2987 810 3024 omne
829 2971 985 3025 hexametri
1001 2987 1094 3025 versus

75 3041 190 3095 modum
210 3042 359 3108 excedens,
383 3042 458 3096 unde
482 3058 515 3096 ea
538 3058 610 3110 quae
628 3042 744 3096 modum
763 3044 791 3096 et
809 3058 969 3096 mensuram
987 3042 1095 3096 habent

76 3115 168 3166 metra
191 3113 268 3166 diota
292 3115 364 3168 sunt.
389 3113 518 3167 subsistit
541 3115 637 3167 autem
656 3131 690 3166 ex
709 3114 856 3167 commatis
875 3113 943 3167 eolis
963 3116 991 3167 et
1009 3115 1094 3168 versi-

75 3184 138 3237 bus.
175 3185 209 3250 of.
230 3185 267 3238 id.
284 3201 313 3253 p.
330 3189 372 3250 64,
383 3189 425 3239 31.
464 3185 509 3238 At.
524 3185 603 3239 Fert.
620 3201 649 3253 p.
664 3189 730 3251 282,
739 3190 784 3240 26.
823 3217 856 3225 —
878 3185 965 3240 Vorro
979 3187 1012 3240 de
1026 3186 1042 3239 l.
1059 3187 1093 3240 L.

76 3259 103 3322 5,
118 3259 163 3310 22.
203 3256 275 3310 Fert.
295 3273 324 3325 p.
340 3260 396 3311 217
400 3264 420 3321 ·,
435 3261 460 3310 3.
504 3257 625 3311 Varroni
648 3258 801 3311 vindicavit
828 3257 986 3311 Welmaons
1003 3275 1034 3332 p.
1050 3262 1094 3325 65,

75 3329 126 3397 qai
144 3329 259 3381 alteram
277 3344 380 3396 quoque
394 3328 505 3396 periodi
522 3329 705 3394 definitionem
724 3331 750 3382 ei
767 3329 933 3398 odsipaaoit.

149 3398 272 3470 iquod]
291 3415 363 3467 quae
382 3399 474 3453 Poris.
584 3405 653 3452 tex
676 3401 727 3453 del,
752 3401 842 3454 Wilm.
952 3405 965 3452 7
987 3398 1095 3453 divolsa

77 3475 93 3522 9
120 3469 170 3536 qui
195 3471 287 3524 Paris.
400 3475 432 3522 10
459 3470 490 3523 id
514 3472 574 3526 secl.
604 3469 712 3536 (laesor,
742 3470 910 3541 Gruodrripe
934 3471 960 3524 d.
988 3471 1093 3525 Grieet.

76 3542 206 3610 Rhythm.
226 3559 255 3609 p.
274 3546 327 3596 174
436 3547 468 3594 11
495 3541 669 3610 complurum
694 3542 757 3596 Pol.
849 3540 999 3596 abdissim.
1021 3542 1104 3594 eodd.

76 3612 181 3664 diesim,
209 3613 296 3665 W'lrn.
417 3619 451 3668 13
477 3613 616 3670 trieterioi
638 3614 686 3670 vel
704 3616 786 3674 codd.
811 3615 893 3670 anea.
914 3613 1000 3668 uelut
1018 3610 1124 3676 sntps'a

848 3705 907 3763 ‘lb‘
