<?xml version="1.0" encoding="UTF-8"?>
<!DOCTYPE html PUBLIC "-//W3C//DTD XHTML 1.0 Transitional//EN"
    "http://www.w3.org/TR/xhtml1/DTD/xhtml1-transitional.dtd">
<html xmlns="http://www.w3.org/1999/xhtml" xml:lang="en" lang="en">
 <head>
  <title>
</title>
<meta http-equiv="Content-Type" content="text/html;charset=utf-8" />
  <meta name='ocr-system' content='tesseract 3.04.00' />
  <meta name='ocr-capabilities' content='ocr_page ocr_carea ocr_par ocr_line ocrx_word'/>
</head>
<body>
  <div class='ocr_page' id='page_1' title='image "./grammaticaeroma02funagoog_0089.png"; bbox 0 0 2400 3824; ppageno 0'>
   <div class='ocr_carea' id='block_1_1' title="bbox 126 171 960 241">
    <p class='ocr_par' dir='ltr' id='par_1_1' title="bbox 126 171 960 241">
     <span class='ocr_line' id='line_1_1' title="bbox 126 171 960 241; baseline 0 -16"><span class='ocrx_word' id='word_1_1' title='bbox 126 171 171 234; x_wconf 84' lang='lat'>54</span> <span class='ocrx_word' id='word_1_2' title='bbox 309 171 514 226; x_wconf 76' lang='lat' dir='ltr'>Grammaticus</span> <span class='ocrx_word' id='word_1_3' title='bbox 534 172 783 225; x_wconf 87' lang='lat' dir='ltr'>antevarronianae</span> <span class='ocrx_word' id='word_1_4' title='bbox 802 172 960 241; x_wconf 83' lang='lat' dir='ltr'>fragmenta</span> 
     </span>
    </p>
   </div>
   <div class='ocr_carea' id='block_1_2' title="bbox 127 330 359 385">
    <p class='ocr_par' dir='ltr' id='par_1_2' title="bbox 127 330 359 385">
     <span class='ocr_line' id='line_1_2' title="bbox 127 330 359 385; baseline -0.004 0"><span class='ocrx_word' id='word_1_5' title='bbox 127 330 359 385; x_wconf 81' lang='lat' dir='ltr'>SCRIPTORUM</span> 
     </span>
    </p>
   </div>
   <div class='ocr_carea' id='block_1_3' title="bbox 125 439 1148 1290">
    <p class='ocr_par' dir='ltr' id='par_1_3' title="bbox 125 439 1148 1290">
     <span class='ocr_line' id='line_1_3' title="bbox 198 439 1144 510; baseline -0.003 -18"><span class='ocrx_word' id='word_1_6' title='bbox 198 443 240 492; x_wconf 86' lang='lat'>17.</span> <span class='ocrx_word' id='word_1_7' title='bbox 261 439 315 492; x_wconf 76' lang='lat' dir='ltr'>Cic.</span> <span class='ocrx_word' id='word_1_8' title='bbox 331 441 412 493; x_wconf 80' lang='lat' dir='ltr'>Brut.</span> <span class='ocrx_word' id='word_1_9' title='bbox 427 443 484 492; x_wconf 78' lang='lat'>206</span> <span class='ocrx_word' id='word_1_10' title='bbox 510 440 650 492; x_wconf 89' lang='lat' dir='ltr'>scribebat</span> <span class='ocrx_word' id='word_1_11' title='bbox 669 440 715 510; x_wconf 82' lang='lat' dir='ltr'>[L.</span> <span class='ocrx_word' id='word_1_12' title='bbox 731 439 838 509; x_wconf 80' lang='lat' dir='ltr'>Aelius]</span> <span class='ocrx_word' id='word_1_13' title='bbox 863 439 1052 502; x_wconf 88' lang='lat' dir='ltr'>orationes,</span> <span class='ocrx_word' id='word_1_14' title='bbox 1077 455 1144 504; x_wconf 88' lang='lat' dir='ltr'>quas</span> 
     </span>
     <span class='ocr_line' id='line_1_4' title="bbox 126 507 1144 582; baseline -0.001 -20"><span class='ocrx_word' id='word_1_15' title='bbox 126 509 176 563; x_wconf 94' lang='lat' dir='ltr'>alii</span> <span class='ocrx_word' id='word_1_16' title='bbox 195 509 329 577; x_wconf 74' lang='lat' dir='ltr'>dicerent,</span> <span class='ocrx_word' id='word_1_17' title='bbox 353 514 384 563; x_wconf 89' lang='lat' dir='ltr'>ut</span> <span class='ocrx_word' id='word_1_18' title='bbox 403 510 434 575; x_wconf 80' lang='lat' dir='ltr'>Q.</span> <span class='ocrx_word' id='word_1_19' title='bbox 450 510 564 565; x_wconf 89' lang='lat' dir='ltr'>Metello</span> <span class='ocrx_word' id='word_1_20' title='bbox 588 511 670 579; x_wconf 71' lang='lat' dir='ltr'>llilio)</span> <span class='ocrx_word' id='word_1_21' title='bbox 696 511 733 582; x_wconf 88' lang='lat' dir='ltr'>[a.</span> <span class='ocrx_word' id='word_1_22' title='bbox 750 510 876 581; x_wconf 68' lang='lat' dir='ltr'>657s97],</span> <span class='ocrx_word' id='word_1_23' title='bbox 899 513 930 564; x_wconf 91' lang='lat' dir='ltr'>ut</span> <span class='ocrx_word' id='word_1_24' title='bbox 954 509 985 574; x_wconf 80' lang='lat' dir='ltr'>Q.</span> <span class='ocrx_word' id='word_1_25' title='bbox 1002 507 1144 578; x_wconf 76' lang='lat' dir='ltr'>Caepioni,</span> 
     </span>
     <span class='ocr_line' id='line_1_5' title="bbox 125 580 1145 653; baseline -0.001 -20"><span class='ocrx_word' id='word_1_26' title='bbox 125 583 158 634; x_wconf 88' lang='lat' dir='ltr'>ut</span> <span class='ocrx_word' id='word_1_27' title='bbox 184 580 215 645; x_wconf 81' lang='lat' dir='ltr'>Q.</span> <span class='ocrx_word' id='word_1_28' title='bbox 238 581 371 649; x_wconf 90' lang='lat' dir='ltr'>Pompeio</span> <span class='ocrx_word' id='word_1_29' title='bbox 397 582 471 634; x_wconf 87' lang='lat' dir='ltr'>Rufo</span> <span class='ocrx_word' id='word_1_30' title='bbox 504 583 541 653; x_wconf 85' lang='lat' dir='ltr'>[a.</span> <span class='ocrx_word' id='word_1_31' title='bbox 563 581 688 653; x_wconf 68' lang='lat' dir='ltr'>664s9ol,</span> <span class='ocrx_word' id='word_1_32' title='bbox 721 599 891 649; x_wconf 86' lang='lat' dir='ltr'>quamquam</span> <span class='ocrx_word' id='word_1_33' title='bbox 918 582 941 634; x_wconf 92' lang='lat' dir='ltr'>is</span> <span class='ocrx_word' id='word_1_34' title='bbox 970 581 1057 634; x_wconf 88' lang='lat' dir='ltr'>etiam</span> <span class='ocrx_word' id='word_1_35' title='bbox 1086 581 1145 649; x_wconf 90' lang='lat' dir='ltr'>ipse</span> 
     </span>
     <span class='ocr_line' id='line_1_6' title="bbox 126 651 1146 722; baseline -0.001 -17"><span class='ocrx_word' id='word_1_36' title='bbox 126 652 238 721; x_wconf 76' lang='lat' dir='ltr'>scripsit</span> <span class='ocrx_word' id='word_1_37' title='bbox 262 669 322 719; x_wconf 87' lang='lat' dir='ltr'>cas,</span> <span class='ocrx_word' id='word_1_38' title='bbox 345 653 446 720; x_wconf 91' lang='lat' dir='ltr'>quibus</span> <span class='ocrx_word' id='word_1_39' title='bbox 470 671 520 722; x_wconf 91' lang='lat' dir='ltr'>pro</span> <span class='ocrx_word' id='word_1_40' title='bbox 540 670 569 707; x_wconf 87' lang='lat' dir='ltr'>se</span> <span class='ocrx_word' id='word_1_41' title='bbox 588 656 631 707; x_wconf 90' lang='lat' dir='ltr'>est</span> <span class='ocrx_word' id='word_1_42' title='bbox 654 671 728 720; x_wconf 87' lang='lat' dir='ltr'>usus,</span> <span class='ocrx_word' id='word_1_43' title='bbox 755 653 804 705; x_wconf 86' lang='lat' dir='ltr'>sed</span> <span class='ocrx_word' id='word_1_44' title='bbox 827 670 883 706; x_wconf 94' lang='lat' dir='ltr'>non</span> <span class='ocrx_word' id='word_1_45' title='bbox 902 653 962 706; x_wconf 89' lang='lat' dir='ltr'>sine</span> <span class='ocrx_word' id='word_1_46' title='bbox 980 651 1076 716; x_wconf 88' lang='lat' dir='ltr'>Aelio;</span> <span class='ocrx_word' id='word_1_47' title='bbox 1103 651 1146 704; x_wconf 92' lang='lat' dir='ltr'>his</span> 
     </span>
     <span class='ocr_line' id='line_1_7' title="bbox 126 723 1147 794; baseline 0 -18"><span class='ocrx_word' id='word_1_48' title='bbox 126 723 200 776; x_wconf 91' lang='lat' dir='ltr'>enim</span> <span class='ocrx_word' id='word_1_49' title='bbox 227 724 338 792; x_wconf 89' lang='lat' dir='ltr'>scriptis</span> <span class='ocrx_word' id='word_1_50' title='bbox 364 725 450 777; x_wconf 88' lang='lat' dir='ltr'>etiam</span> <span class='ocrx_word' id='word_1_51' title='bbox 475 725 536 793; x_wconf 91' lang='lat' dir='ltr'>ipsc</span> <span class='ocrx_word' id='word_1_52' title='bbox 562 724 686 778; x_wconf 87' lang='lat' dir='ltr'>interfui.</span> <span class='ocrx_word' id='word_1_53' title='bbox 731 724 768 778; x_wconf 76' lang='lat' dir='ltr'>sd.</span> <span class='ocrx_word' id='word_1_54' title='bbox 793 724 858 778; x_wconf 78' lang='lat' dir='ltr'>ibid.</span> <span class='ocrx_word' id='word_1_55' title='bbox 880 728 933 778; x_wconf 84' lang='lat'>169</span> <span class='ocrx_word' id='word_1_56' title='bbox 965 723 1017 776; x_wconf 89' lang='lat' dir='ltr'>illa</span> <span class='ocrx_word' id='word_1_57' title='bbox 1045 723 1147 794; x_wconf 79' lang='lat' dir='ltr'>[oratio</span> 
     </span>
     <span class='ocr_line' id='line_1_8' title="bbox 130 795 1147 867; baseline -0.002 -19"><span class='ocrx_word' id='word_1_58' title='bbox 130 797 158 848; x_wconf 84' lang='grc' dir='ltr'>Τ.</span> <span class='ocrx_word' id='word_1_59' title='bbox 179 797 290 850; x_wconf 78' lang='lat' dir='ltr'>Betucis&#39;</span> <span class='ocrx_word' id='word_1_60' title='bbox 308 797 409 867; x_wconf 73' lang='lat' dir='ltr'>Barsa]</span> <span class='ocrx_word' id='word_1_61' title='bbox 433 797 538 850; x_wconf 85' lang='lat' dir='ltr'>Romae</span> <span class='ocrx_word' id='word_1_62' title='bbox 562 799 660 850; x_wconf 88' lang='lat' dir='ltr'>contra</span> <span class='ocrx_word' id='word_1_63' title='bbox 678 795 846 863; x_wconf 80' lang='lat' dir='ltr'>Caepionem</span> <span class='ocrx_word' id='word_1_64' title='bbox 869 795 973 849; x_wconf 91' lang='lat' dir='ltr'>nobilis</span> <span class='ocrx_word' id='word_1_65' title='bbox 996 811 1077 862; x_wconf 88' lang='lat' dir='ltr'>sane,</span> <span class='ocrx_word' id='word_1_66' title='bbox 1103 795 1147 847; x_wconf 92' lang='lat' dir='ltr'>cui</span> 
     </span>
     <span class='ocr_line' id='line_1_9' title="bbox 127 865 1148 936; baseline -0.002 -16"><span class='ocrx_word' id='word_1_67' title='bbox 127 867 248 920; x_wconf 89' lang='lat' dir='ltr'>orationi</span> <span class='ocrx_word' id='word_1_68' title='bbox 272 866 419 935; x_wconf 74' lang='lat' dir='ltr'>Caepionis</span> <span class='ocrx_word' id='word_1_69' title='bbox 443 884 490 921; x_wconf 88' lang='lat' dir='ltr'>ore</span> <span class='ocrx_word' id='word_1_70' title='bbox 512 868 658 936; x_wconf 75' lang='lat' dir='ltr'>respondit</span> <span class='ocrx_word' id='word_1_71' title='bbox 680 866 790 934; x_wconf 87' lang='lat' dir='ltr'>Aelius,</span> <span class='ocrx_word' id='word_1_72' title='bbox 817 866 866 934; x_wconf 90' lang='lat' dir='ltr'>qui</span> <span class='ocrx_word' id='word_1_73' title='bbox 889 865 1060 934; x_wconf 69' lang='lat' dir='ltr'>scriptitavit</span> <span class='ocrx_word' id='word_1_74' title='bbox 1086 883 1148 919; x_wconf 88' lang='lat' dir='ltr'>ora-</span> 
     </span>
     <span class='ocr_line' id='line_1_10' title="bbox 125 935 1147 1007; baseline -0.001 -17"><span class='ocrx_word' id='word_1_75' title='bbox 125 937 216 991; x_wconf 85' lang='lat' dir='ltr'>tiones</span> <span class='ocrx_word' id='word_1_76' title='bbox 235 937 340 1003; x_wconf 91' lang='lat' dir='ltr'>multis‚</span> <span class='ocrx_word' id='word_1_77' title='bbox 361 941 454 993; x_wconf 92' lang='lat' dir='ltr'>orator</span> <span class='ocrx_word' id='word_1_78' title='bbox 472 939 533 1007; x_wconf 90' lang='lat' dir='ltr'>ipse</span> <span class='ocrx_word' id='word_1_79' title='bbox 551 956 704 1006; x_wconf 89' lang='lat' dir='ltr'>numquam</span> <span class='ocrx_word' id='word_1_80' title='bbox 722 938 785 992; x_wconf 88' lang='lat' dir='ltr'>fuit.</span> <span class='ocrx_word' id='word_1_81' title='bbox 818 939 884 992; x_wconf 72' lang='lat' dir='ltr'>aliid.</span> <span class='ocrx_word' id='word_1_82' title='bbox 903 942 959 993; x_wconf 84' lang='lat'>205</span> <span class='ocrx_word' id='word_1_83' title='bbox 978 935 1079 992; x_wconf 89' lang='lat' dir='ltr'>Cottae</span> <span class='ocrx_word' id='word_1_84' title='bbox 1097 954 1147 1004; x_wconf 92' lang='lat' dir='ltr'>pro</span> 
     </span>
     <span class='ocr_line' id='line_1_11' title="bbox 127 1006 1148 1079; baseline 0.001 -19"><span class='ocrx_word' id='word_1_85' title='bbox 127 1008 238 1079; x_wconf 83' lang='lat' dir='ltr'>selega</span> <span class='ocrx_word' id='word_1_86' title='bbox 257 1009 343 1063; x_wconf 87' lang='lat' dir='ltr'>Varia</span> <span class='ocrx_word' id='word_1_87' title='bbox 362 1026 434 1077; x_wconf 89' lang='lat' dir='ltr'>quae</span> <span class='ocrx_word' id='word_1_88' title='bbox 454 1009 628 1079; x_wconf 85' lang='lat' dir='ltr'>inscribitur,</span> <span class='ocrx_word' id='word_1_89' title='bbox 652 1027 715 1063; x_wconf 92' lang='lat' dir='ltr'>eam</span> <span class='ocrx_word' id='word_1_90' title='bbox 738 1009 767 1063; x_wconf 87' lang='lat' dir='ltr'>L.</span> <span class='ocrx_word' id='word_1_91' title='bbox 792 1009 888 1062; x_wconf 90' lang='lat' dir='ltr'>Aelius</span> <span class='ocrx_word' id='word_1_92' title='bbox 912 1009 1025 1077; x_wconf 91' lang='lat' dir='ltr'>scripsit</span> <span class='ocrx_word' id='word_1_93' title='bbox 1048 1006 1148 1062; x_wconf 89' lang='lat' dir='ltr'>Cottae</span> 
     </span>
     <span class='ocr_line' id='line_1_12' title="bbox 125 1079 1148 1151; baseline 0 -19"><span class='ocrx_word' id='word_1_94' title='bbox 125 1082 227 1148; x_wconf 88' lang='lat' dir='ltr'>rogatu</span> <span class='ocrx_word' id='word_1_95' title='bbox 246 1081 285 1150; x_wconf 83' lang='lat' dir='ltr'>[a.</span> <span class='ocrx_word' id='word_1_96' title='bbox 306 1081 426 1151; x_wconf 64' lang='lat' dir='ltr'>sallao}</span> <span class='ocrx_word' id='word_1_97' title='bbox 464 1083 530 1136; x_wconf 71' lang='lat' dir='ltr'>abed.</span> <span class='ocrx_word' id='word_1_98' title='bbox 549 1085 606 1135; x_wconf 82' lang='lat'>207</span> <span class='ocrx_word' id='word_1_99' title='bbox 637 1079 747 1136; x_wconf 88' lang='lat' dir='ltr'>Cottam</span> <span class='ocrx_word' id='word_1_100' title='bbox 774 1081 860 1134; x_wconf 91' lang='lat' dir='ltr'>miror</span> <span class='ocrx_word' id='word_1_101' title='bbox 887 1098 1025 1132; x_wconf 90' lang='lat' dir='ltr'>summum</span> <span class='ocrx_word' id='word_1_102' title='bbox 1054 1079 1148 1147; x_wconf 91' lang='lat' dir='ltr'>ipsum</span> 
     </span>
     <span class='ocr_line' id='line_1_13' title="bbox 127 1151 1148 1221; baseline 0 -17"><span class='ocrx_word' id='word_1_103' title='bbox 127 1153 266 1205; x_wconf 90' lang='lat' dir='ltr'>oratorem</span> <span class='ocrx_word' id='word_1_104' title='bbox 289 1153 460 1220; x_wconf 86' lang='lat' dir='ltr'>minimeque</span> <span class='ocrx_word' id='word_1_105' title='bbox 483 1153 611 1221; x_wconf 89' lang='lat' dir='ltr'>ineptum</span> <span class='ocrx_word' id='word_1_106' title='bbox 634 1152 767 1206; x_wconf 87' lang='lat' dir='ltr'>Aelianas</span> <span class='ocrx_word' id='word_1_107' title='bbox 790 1151 858 1206; x_wconf 86' lang='lat' dir='ltr'>levis</span> <span class='ocrx_word' id='word_1_108' title='bbox 884 1151 1077 1205; x_wconf 91' lang='lat' dir='ltr'>oratiunculas</span> <span class='ocrx_word' id='word_1_109' title='bbox 1102 1167 1148 1204; x_wconf 88' lang='lat' dir='ltr'>vo·</span> 
     </span>
     <span class='ocr_line' id='line_1_14' title="bbox 127 1222 671 1290; baseline 0.006 -17"><span class='ocrx_word' id='word_1_110' title='bbox 127 1222 213 1276; x_wconf 89' lang='lat' dir='ltr'>luisse</span> <span class='ocrx_word' id='word_1_111' title='bbox 233 1224 388 1277; x_wconf 86' lang='lat' dir='ltr'>existimari</span> <span class='ocrx_word' id='word_1_112' title='bbox 407 1242 480 1278; x_wconf 88' lang='lat' dir='ltr'>suas.</span> <span class='ocrx_word' id='word_1_113' title='bbox 513 1226 547 1290; x_wconf 82' lang='lat' dir='ltr'>cf.</span> <span class='ocrx_word' id='word_1_114' title='bbox 569 1231 625 1280; x_wconf 80' lang='lat' dir='ltr'>test.</span> <span class='ocrx_word' id='word_1_115' title='bbox 646 1229 671 1277; x_wconf 90' lang='lat'>3.</span> 
     </span>
    </p>
   </div>
   <div class='ocr_carea' id='block_1_4' title="bbox 127 1301 1149 1446">
    <p class='ocr_par' dir='ltr' id='par_1_4' title="bbox 127 1301 1149 1446">
     <span class='ocr_line' id='line_1_15' title="bbox 200 1301 1149 1374; baseline -0.003 -17"><span class='ocrx_word' id='word_1_116' title='bbox 200 1308 242 1357; x_wconf 84' lang='grc'>18.</span> <span class='ocrx_word' id='word_1_117' title='bbox 263 1304 335 1357; x_wconf 79' lang='lat' dir='ltr'>Suet.</span> <span class='ocrx_word' id='word_1_118' title='bbox 355 1305 387 1357; x_wconf 85' lang='lat' dir='ltr'>de</span> <span class='ocrx_word' id='word_1_119' title='bbox 405 1322 519 1374; x_wconf 77' lang='lat' dir='ltr'>promae.</span> <span class='ocrx_word' id='word_1_120' title='bbox 539 1309 556 1358; x_wconf 87' lang='lat'><strong><em>3</em></strong></span> <span class='ocrx_word' id='word_1_121' title='bbox 582 1306 624 1372; x_wconf 79' lang='lat' dir='ltr'>(ex</span> <span class='ocrx_word' id='word_1_122' title='bbox 644 1305 776 1372; x_wconf 76' lang='lat' dir='ltr'>Varrone)</span> <span class='ocrx_word' id='word_1_123' title='bbox 801 1302 910 1356; x_wconf 88' lang='lat' dir='ltr'>Servius</span> <span class='ocrx_word' id='word_1_124' title='bbox 933 1319 998 1356; x_wconf 92' lang='lat' dir='ltr'>cum</span> <span class='ocrx_word' id='word_1_125' title='bbox 1021 1301 1149 1354; x_wconf 89' lang='lat' dir='ltr'>librum</span> 
     </span>
     <span class='ocr_line' id='line_1_16' title="bbox 127 1374 985 1446; baseline -0.001 -19"><span class='ocrx_word' id='word_1_126' title='bbox 127 1375 216 1428; x_wconf 87' lang='lat' dir='ltr'>soceri</span> <span class='ocrx_word' id='word_1_127' title='bbox 235 1376 333 1446; x_wconf 74' lang='lat' dir='ltr'>[Aelii]</span> <span class='ocrx_word' id='word_1_128' title='bbox 352 1376 476 1428; x_wconf 91' lang='lat' dir='ltr'>nondum</span> <span class='ocrx_word' id='word_1_129' title='bbox 496 1375 604 1428; x_wconf 91' lang='lat' dir='ltr'>editum</span> <span class='ocrx_word' id='word_1_130' title='bbox 622 1375 720 1428; x_wconf 89' lang='lat' dir='ltr'>fraude</span> <span class='ocrx_word' id='word_1_131' title='bbox 739 1374 935 1442; x_wconf 87' lang='lat' dir='ltr'>intercepisset</span> <span class='ocrx_word' id='word_1_132' title='bbox 951 1405 985 1413; x_wconf 93' lang='lat'>-</span> 
     </span>
    </p>
   </div>
   <div class='ocr_carea' id='block_1_5' title="bbox 127 1452 1150 1810">
    <p class='ocr_par' dir='ltr' id='par_1_5' title="bbox 127 1452 1150 1810">
     <span class='ocr_line' id='line_1_17' title="bbox 199 1452 1148 1522; baseline -0.003 -14"><span class='ocrx_word' id='word_1_133' title='bbox 199 1459 242 1508; x_wconf 87' lang='lat'>19.</span> <span class='ocrx_word' id='word_1_134' title='bbox 274 1455 342 1509; x_wconf 74' lang='lat' dir='ltr'>Gall.</span> <span class='ocrx_word' id='word_1_135' title='bbox 369 1459 415 1520; x_wconf 83' lang='lat'>16,</span> <span class='ocrx_word' id='word_1_136' title='bbox 435 1460 498 1521; x_wconf 59' lang='lat'>&amp;2</span> <span class='ocrx_word' id='word_1_137' title='bbox 525 1455 802 1508; x_wconf 86' lang='lat' dir='ltr'>commentarium</span> <span class='ocrx_word' id='word_1_138' title='bbox 829 1454 868 1508; x_wconf 93' lang='lat' dir='ltr'>de</span> <span class='ocrx_word' id='word_1_139' title='bbox 893 1452 1092 1522; x_wconf 88' lang='lat' dir='ltr'>proloquiis</span> <span class='ocrx_word' id='word_1_140' title='bbox 1118 1453 1148 1505; x_wconf 86' lang='lat' dir='ltr'>L.</span> 
     </span>
     <span class='ocr_line' id='line_1_18' title="bbox 127 1523 1150 1594; baseline -0.002 -16"><span class='ocrx_word' id='word_1_141' title='bbox 127 1524 202 1578; x_wconf 89' lang='lat' dir='ltr'>Aelii</span> <span class='ocrx_word' id='word_1_142' title='bbox 231 1558 263 1565; x_wconf 89' lang='lat'><em>-</em></span> <span class='ocrx_word' id='word_1_143' title='bbox 292 1526 416 1580; x_wconf 87' lang='lat' dir='ltr'>studiose</span> <span class='ocrx_word' id='word_1_144' title='bbox 442 1527 628 1594; x_wconf 88' lang='lat' dir='ltr'>quaesivimus</span> <span class='ocrx_word' id='word_1_145' title='bbox 659 1543 777 1592; x_wconf 90' lang='lat' dir='ltr'>eumque</span> <span class='ocrx_word' id='word_1_146' title='bbox 808 1526 837 1578; x_wconf 94' lang='lat' dir='ltr'>in</span> <span class='ocrx_word' id='word_1_147' title='bbox 865 1525 945 1578; x_wconf 90' lang='lat' dir='ltr'>Pacis</span> <span class='ocrx_word' id='word_1_148' title='bbox 972 1523 1150 1578; x_wconf 87' lang='lat' dir='ltr'>bibliotheca</span> 
     </span>
     <span class='ocr_line' id='line_1_19' title="bbox 127 1595 1150 1668; baseline -0.001 -19"><span class='ocrx_word' id='word_1_149' title='bbox 127 1600 270 1665; x_wconf 89' lang='lat' dir='ltr'>repertum</span> <span class='ocrx_word' id='word_1_150' title='bbox 293 1597 421 1668; x_wconf 83' lang='lat' dir='ltr'>legimus.</span> <span class='ocrx_word' id='word_1_151' title='bbox 460 1599 508 1651; x_wconf 88' lang='lat' dir='ltr'>sed</span> <span class='ocrx_word' id='word_1_152' title='bbox 532 1599 561 1650; x_wconf 91' lang='lat' dir='ltr'>in</span> <span class='ocrx_word' id='word_1_153' title='bbox 585 1614 617 1652; x_wconf 91' lang='lat' dir='ltr'>eo</span> <span class='ocrx_word' id='word_1_154' title='bbox 641 1596 713 1650; x_wconf 92' lang='lat' dir='ltr'>nihil</span> <span class='ocrx_word' id='word_1_155' title='bbox 733 1597 883 1650; x_wconf 88' lang='lat' dir='ltr'>edocenter</span> <span class='ocrx_word' id='word_1_156' title='bbox 901 1613 991 1662; x_wconf 88' lang='lat' dir='ltr'>neque</span> <span class='ocrx_word' id='word_1_157' title='bbox 1011 1595 1048 1648; x_wconf 88' lang='lat' dir='ltr'>ad</span> <span class='ocrx_word' id='word_1_158' title='bbox 1068 1595 1150 1648; x_wconf 89' lang='lat' dir='ltr'>insti-</span> 
     </span>
     <span class='ocr_line' id='line_1_20' title="bbox 128 1666 1150 1738; baseline -0.003 -17"><span class='ocrx_word' id='word_1_159' title='bbox 128 1669 265 1721; x_wconf 86' lang='lat' dir='ltr'>tuendum</span> <span class='ocrx_word' id='word_1_160' title='bbox 284 1669 432 1737; x_wconf 85' lang='lat' dir='ltr'>explanate</span> <span class='ocrx_word' id='word_1_161' title='bbox 452 1671 587 1738; x_wconf 88' lang='lat' dir='ltr'>scriptum</span> <span class='ocrx_word' id='word_1_162' title='bbox 602 1671 652 1736; x_wconf 89' lang='lat' dir='ltr'>est,</span> <span class='ocrx_word' id='word_1_163' title='bbox 672 1669 827 1735; x_wconf 87' lang='lat' dir='ltr'>fecisseque</span> <span class='ocrx_word' id='word_1_164' title='bbox 841 1667 952 1720; x_wconf 84' lang='lat' dir='ltr'>videtur</span> <span class='ocrx_word' id='word_1_165' title='bbox 965 1683 1030 1721; x_wconf 92' lang='lat' dir='ltr'>eum</span> <span class='ocrx_word' id='word_1_166' title='bbox 1044 1666 1150 1719; x_wconf 90' lang='lat' dir='ltr'>librum</span> 
     </span>
     <span class='ocr_line' id='line_1_21' title="bbox 128 1737 1149 1810; baseline -0.002 -18"><span class='ocrx_word' id='word_1_167' title='bbox 128 1739 223 1792; x_wconf 89' lang='lat' dir='ltr'>Aelius</span> <span class='ocrx_word' id='word_1_168' title='bbox 252 1741 296 1793; x_wconf 91' lang='lat' dir='ltr'>sui</span> <span class='ocrx_word' id='word_1_169' title='bbox 323 1741 413 1810; x_wconf 86' lang='lat' dir='ltr'>magis</span> <span class='ocrx_word' id='word_1_170' title='bbox 442 1740 611 1794; x_wconf 86' lang='lat' dir='ltr'>admonendi</span> <span class='ocrx_word' id='word_1_171' title='bbox 640 1758 724 1807; x_wconf 90' lang='lat' dir='ltr'>quam</span> <span class='ocrx_word' id='word_1_172' title='bbox 752 1739 871 1793; x_wconf 90' lang='lat' dir='ltr'>aliorum</span> <span class='ocrx_word' id='word_1_173' title='bbox 899 1737 1019 1792; x_wconf 88' lang='lat' dir='ltr'>docendi</span> <span class='ocrx_word' id='word_1_174' title='bbox 1046 1739 1149 1806; x_wconf 85' lang='lat' dir='ltr'>gratia.</span> 
     </span>
    </p>
   </div>
   <div class='ocr_carea' id='block_1_6' title="bbox 127 1810 1151 1952">
    <p class='ocr_par' dir='ltr' id='par_1_6' title="bbox 127 1810 1151 1952">
     <span class='ocr_line' id='line_1_22' title="bbox 128 1810 1151 1880; baseline 0 -16"><span class='ocrx_word' id='word_1_175' title='bbox 128 1818 187 1865; x_wconf 80' lang='lat' dir='ltr'>erat</span> <span class='ocrx_word' id='word_1_176' title='bbox 210 1813 274 1878; x_wconf 79' lang='grc' dir='ltr'>περὶ</span> <span class='ocrx_word' id='word_1_177' title='bbox 297 1811 461 1880; x_wconf 81' lang='grc' dir='ltr'><em>ἀξιωμάτων</em></span> <span class='ocrx_word' id='word_1_178' title='bbox 485 1831 518 1866; x_wconf 80' lang='lat' dir='ltr'>ex</span> <span class='ocrx_word' id='word_1_179' title='bbox 536 1813 687 1867; x_wconf 75' lang='lat' dir='ltr'>Stoicorum</span> <span class='ocrx_word' id='word_1_180' title='bbox 710 1814 825 1865; x_wconf 74' lang='lat' dir='ltr'>ratione.</span> <span class='ocrx_word' id='word_1_181' title='bbox 863 1812 896 1876; x_wconf 76' lang='lat' dir='ltr'>cs.</span> <span class='ocrx_word' id='word_1_182' title='bbox 923 1811 1011 1864; x_wconf 82' lang='lat' dir='ltr'>Varro</span> <span class='ocrx_word' id='word_1_183' title='bbox 1035 1810 1098 1863; x_wconf 76' lang='lat' dir='ltr'>libr.</span> <span class='ocrx_word' id='word_1_184' title='bbox 1118 1811 1151 1864; x_wconf 81' lang='lat' dir='ltr'>dc</span> 
     </span>
     <span class='ocr_line' id='line_1_23' title="bbox 127 1883 1095 1952; baseline -0.002 -16"><span class='ocrx_word' id='word_1_185' title='bbox 127 1884 144 1936; x_wconf 85' lang='lat' dir='ltr'>l.</span> <span class='ocrx_word' id='word_1_186' title='bbox 165 1884 199 1936; x_wconf 91' lang='lat' dir='ltr'>L.</span> <span class='ocrx_word' id='word_1_187' title='bbox 216 1884 296 1937; x_wconf 86' lang='lat' dir='ltr'>XIV</span> <span class='ocrx_word' id='word_1_188' title='bbox 310 1885 388 1949; x_wconf 76' lang='lat' dir='ltr'>infra</span> <span class='ocrx_word' id='word_1_189' title='bbox 407 1891 432 1937; x_wconf 80' lang='lat' dir='ltr'>et</span> <span class='ocrx_word' id='word_1_190' title='bbox 455 1885 619 1948; x_wconf 74' lang='lat' dir='ltr'>Wlmaons,</span> <span class='ocrx_word' id='word_1_191' title='bbox 638 1884 670 1937; x_wconf 83' lang='lat' dir='ltr'>de</span> <span class='ocrx_word' id='word_1_192' title='bbox 694 1883 774 1936; x_wconf 76' lang='lat' dir='ltr'>Vcrr.</span> <span class='ocrx_word' id='word_1_193' title='bbox 793 1884 854 1937; x_wconf 74' lang='lat' dir='ltr'>liba</span> <span class='ocrx_word' id='word_1_194' title='bbox 873 1899 987 1952; x_wconf 73' lang='lat' dir='ltr'>prusam.</span> <span class='ocrx_word' id='word_1_195' title='bbox 1004 1898 1033 1949; x_wconf 85' lang='lat' dir='ltr'>p.</span> <span class='ocrx_word' id='word_1_196' title='bbox 1050 1885 1095 1934; x_wconf 83' lang='lat'>15.</span> 
     </span>
    </p>
   </div>
   <div class='ocr_carea' id='block_1_7' title="bbox 200 1963 832 2032">
    <p class='ocr_par' dir='ltr' id='par_1_7' title="bbox 200 1963 832 2032">
     <span class='ocr_line' id='line_1_24' title="bbox 200 1963 832 2032; baseline -0.003 -14"><span class='ocrx_word' id='word_1_197' title='bbox 200 1968 244 2018; x_wconf 81' lang='lat'>20.</span> <span class='ocrx_word' id='word_1_198' title='bbox 264 1965 371 2018; x_wconf 76' lang='lat' dir='ltr'>Fronto</span> <span class='ocrx_word' id='word_1_199' title='bbox 386 1981 415 2032; x_wconf 87' lang='lat' dir='ltr'>p.</span> <span class='ocrx_word' id='word_1_200' title='bbox 431 1965 512 2017; x_wconf 83' lang='grc' dir='ltr'>2οΝ</span> <span class='ocrx_word' id='word_1_201' title='bbox 527 1991 560 2008; x_wconf 93' lang='grc'>--</span> <span class='ocrx_word' id='word_1_202' title='bbox 581 1963 719 2030; x_wconf 82' lang='lat' dir='ltr'>Lcmpcd.</span> <span class='ocrx_word' id='word_1_203' title='bbox 739 1969 795 2017; x_wconf 83' lang='lat' dir='ltr'>test.</span> <span class='ocrx_word' id='word_1_204' title='bbox 815 1967 832 2016; x_wconf 79' lang='grc'><strong><em>4</em></strong></span> 
     </span>
    </p>
   </div>
   <div class='ocr_carea' id='block_1_8' title="bbox 129 2038 1152 2197">
    <p class='ocr_par' dir='ltr' id='par_1_8' title="bbox 129 2038 1152 2197">
     <span class='ocr_line' id='line_1_25' title="bbox 199 2038 1152 2111; baseline -0.004 -15"><span class='ocrx_word' id='word_1_205' title='bbox 199 2048 243 2097; x_wconf 82' lang='grc'>21.</span> <span class='ocrx_word' id='word_1_206' title='bbox 267 2045 370 2099; x_wconf 81' lang='lat' dir='ltr'>Aoccd.</span> <span class='ocrx_word' id='word_1_207' title='bbox 391 2045 483 2098; x_wconf 71' lang='lat' dir='ltr'>Paris.</span> <span class='ocrx_word' id='word_1_208' title='bbox 501 2044 583 2098; x_wconf 76' lang='lat' dir='ltr'>OGK</span> <span class='ocrx_word' id='word_1_209' title='bbox 597 2045 763 2110; x_wconf 79' lang='lat' dir='ltr'><em>V11533‚3</em></span> <span class='ocrx_word' id='word_1_210' title='bbox 783 2074 815 2081; x_wconf 89' lang='lat'><em>-</em></span> <span class='ocrx_word' id='word_1_211' title='bbox 836 2041 940 2095; x_wconf 89' lang='lat' dir='ltr'>obelus.</span> <span class='ocrx_word' id='word_1_212' title='bbox 978 2038 1014 2111; x_wconf 64' lang='grc'>-,&gt;”&lt;-</span> <span class='ocrx_word' id='word_1_213' title='bbox 1036 2039 1152 2093; x_wconf 88' lang='lat' dir='ltr'>asteris-</span> 
     </span>
     <span class='ocr_line' id='line_1_26' title="bbox 129 2111 1151 2197; baseline -0.003 -31"><span class='ocrx_word' id='word_1_214' title='bbox 129 2131 185 2167; x_wconf 92' lang='lat' dir='ltr'>cus.</span> <span class='ocrx_word' id='word_1_215' title='bbox 222 2114 257 2180; x_wconf 83' lang='grc'>·&gt;&lt;-</span> <span class='ocrx_word' id='word_1_216' title='bbox 273 2148 305 2154; x_wconf 94' lang='grc'><strong>-</strong></span> <span class='ocrx_word' id='word_1_217' title='bbox 322 2115 471 2168; x_wconf 90' lang='lat' dir='ltr'>asteriscus</span> <span class='ocrx_word' id='word_1_218' title='bbox 487 2132 550 2168; x_wconf 91' lang='lat' dir='ltr'>cum</span> <span class='ocrx_word' id='word_1_219' title='bbox 566 2114 654 2168; x_wconf 91' lang='lat' dir='ltr'>obelo.</span> <span class='ocrx_word' id='word_1_220' title='bbox 687 2119 721 2166; x_wconf 50' lang='grc' dir='ltr'>ὃ</span> <span class='ocrx_word' id='word_1_221' title='bbox 737 2112 980 2197; x_wconf 81' lang='lat' dir='ltr'>simplcxductus.</span> <span class='ocrx_word' id='word_1_222' title='bbox 1012 2115 1048 2178; x_wconf 93' lang='lat'>&gt;</span> <span class='ocrx_word' id='word_1_223' title='bbox 1064 2111 1151 2179; x_wconf 89' lang='lat' dir='ltr'>diple.</span> 
     </span>
    </p>
   </div>
   <div class='ocr_carea' id='block_1_9' title="bbox 127 2199 1153 2290">
    <p class='ocr_par' dir='ltr' id='par_1_9' title="bbox 127 2199 1153 2290">
     <span class='ocr_line' id='line_1_27' title="bbox 127 2199 1153 2290; baseline -0.003 -35"><span class='ocrx_word' id='word_1_224' title='bbox 127 2203 162 2270; x_wconf 65' lang='lat'>&gt;2</span> <span class='ocrx_word' id='word_1_225' title='bbox 191 2203 267 2270; x_wconf 89' lang='lat' dir='ltr'>diple</span> <span class='ocrx_word' id='word_1_226' title='bbox 297 2204 524 2290; x_wconf 81' lang='lat' dir='ltr'>periestigmene.</span> <span class='ocrx_word' id='word_1_227' title='bbox 584 2211 603 2263; x_wconf 68' lang='lat'>0</span> <span class='ocrx_word' id='word_1_228' title='bbox 633 2203 792 2272; x_wconf 82' lang='lat' dir='ltr'>antisigma.</span> <span class='ocrx_word' id='word_1_229' title='bbox 857 2207 875 2260; x_wconf 75' lang='lat'>3</span> <span class='ocrx_word' id='word_1_230' title='bbox 905 2199 1059 2270; x_wconf 83' lang='lat' dir='ltr'>antisigma</span> <span class='ocrx_word' id='word_1_231' title='bbox 1088 2217 1153 2253; x_wconf 90' lang='lat' dir='ltr'>cum</span> 
     </span>
    </p>
   </div>
   <div class='ocr_carea' id='block_1_10' title="bbox 102 2289 1153 2444">
    <p class='ocr_par' dir='ltr' id='par_1_10' title="bbox 102 2289 1153 2444">
     <span class='ocr_line' id='line_1_28' title="bbox 128 2289 1153 2361; baseline -0.001 -18"><span class='ocrx_word' id='word_1_232' title='bbox 128 2294 241 2358; x_wconf 88' lang='lat' dir='ltr'>puncto.</span> <span class='ocrx_word' id='word_1_233' title='bbox 301 2293 318 2344; x_wconf 81' lang='lat' dir='ltr'>b</span> <span class='ocrx_word' id='word_1_234' title='bbox 349 2293 465 2346; x_wconf 89' lang='lat' dir='ltr'>coronis.</span> <span class='ocrx_word' id='word_1_235' title='bbox 520 2298 599 2361; x_wconf 93' lang='lat'>&gt;—</span> <span class='ocrx_word' id='word_1_236' title='bbox 628 2292 704 2360; x_wconf 88' lang='lat' dir='ltr'>diple</span> <span class='ocrx_word' id='word_1_237' title='bbox 731 2291 909 2346; x_wconf 86' lang='lat' dir='ltr'>obelismene.</span> <span class='ocrx_word' id='word_1_238' title='bbox 967 2289 970 2360; x_wconf 71' lang='lat' dir='ltr'>l</span> <span class='ocrx_word' id='word_1_239' title='bbox 993 2290 1027 2356; x_wconf 72' lang='grc' dir='ltr'>Ε</span> <span class='ocrx_word' id='word_1_240' title='bbox 1054 2304 1153 2342; x_wconf 87' lang='lat' dir='ltr'>aversa</span> 
     </span>
     <span class='ocr_line' id='line_1_29' title="bbox 102 2360 1152 2444; baseline -0.006 -25"><span class='ocrx_word' id='word_1_241' title='bbox 102 2361 308 2419; x_wconf 74' lang='lat' dir='ltr'>sobelismene.</span> <span class='ocrx_word' id='word_1_242' title='bbox 345 2364 546 2418; x_wconf 54' lang='lat' dir='ltr'>Aceraunion.</span> <span class='ocrx_word' id='word_1_243' title='bbox 583 2376 619 2402; x_wconf 60' lang='lat' dir='ltr'>ss</span> <span class='ocrx_word' id='word_1_244' title='bbox 638 2363 734 2417; x_wconf 89' lang='lat' dir='ltr'>obelus</span> <span class='ocrx_word' id='word_1_245' title='bbox 750 2363 915 2431; x_wconf 88' lang='lat' dir='ltr'>adpunctus.</span> <span class='ocrx_word' id='word_1_246' title='bbox 952 2363 1032 2444; x_wconf 66' lang='lat'>3&lt;</span> <span class='ocrx_word' id='word_1_247' title='bbox 1052 2360 1152 2414; x_wconf 88' lang='lat' dir='ltr'>obelus</span> 
     </span>
    </p>
   </div>
   <div class='ocr_carea' id='block_1_11' title="bbox 129 2439 1153 2524">
    <p class='ocr_par' dir='ltr' id='par_1_11' title="bbox 129 2439 1153 2524">
     <span class='ocr_line' id='line_1_30' title="bbox 129 2439 1153 2524; baseline -0.002 -20"><span class='ocrx_word' id='word_1_248' title='bbox 129 2468 192 2504; x_wconf 90' lang='lat' dir='ltr'>cum</span> <span class='ocrx_word' id='word_1_249' title='bbox 216 2468 319 2505; x_wconf 88' lang='lat' dir='ltr'>aversa.</span> <span class='ocrx_word' id='word_1_250' title='bbox 371 2441 410 2520; x_wconf 60' lang='grc' dir='ltr'>Ξ</span> <span class='ocrx_word' id='word_1_251' title='bbox 434 2452 510 2521; x_wconf 90' lang='lat' dir='ltr'>diple</span> <span class='ocrx_word' id='word_1_252' title='bbox 543 2452 705 2524; x_wconf 82' lang='lat' dir='ltr'>super&lt;ne&gt;</span> <span class='ocrx_word' id='word_1_253' title='bbox 734 2451 854 2506; x_wconf 86' lang='lat' dir='ltr'>obelata.</span> <span class='ocrx_word' id='word_1_254' title='bbox 907 2439 988 2518; x_wconf 61' lang='lat'>5&lt;</span> <span class='ocrx_word' id='word_1_255' title='bbox 1014 2451 1095 2503; x_wconf 88' lang='lat' dir='ltr'>recta</span> <span class='ocrx_word' id='word_1_256' title='bbox 1124 2451 1153 2503; x_wconf 88' lang='lat' dir='ltr'>et</span> 
     </span>
    </p>
   </div>
   <div class='ocr_carea' id='block_1_12' title="bbox 130 2525 1154 2618">
    <p class='ocr_par' dir='ltr' id='par_1_12' title="bbox 130 2525 1154 2618">
     <span class='ocr_line' id='line_1_31' title="bbox 130 2525 1154 2618; baseline -0.003 -16"><span class='ocrx_word' id='word_1_257' title='bbox 130 2565 227 2603; x_wconf 90' lang='lat' dir='ltr'>aversa</span> <span class='ocrx_word' id='word_1_258' title='bbox 245 2566 364 2618; x_wconf 90' lang='lat' dir='ltr'>superne</span> <span class='ocrx_word' id='word_1_259' title='bbox 383 2551 520 2606; x_wconf 90' lang='lat' dir='ltr'>obelatae.</span> <span class='ocrx_word' id='word_1_260' title='bbox 559 2540 652 2615; x_wconf 47' lang='lat' dir='ltr'>{chi</span> <span class='ocrx_word' id='word_1_261' title='bbox 672 2553 757 2603; x_wconf 89' lang='lat' dir='ltr'>etro.</span> <span class='ocrx_word' id='word_1_262' title='bbox 795 2525 916 2616; x_wconf 59' lang='lat' dir='ltr'>(fifiet</span> <span class='ocrx_word' id='word_1_263' title='bbox 934 2564 973 2601; x_wconf 89' lang='lat' dir='ltr'>ro.</span> <span class='ocrx_word' id='word_1_264' title='bbox 1009 2549 1154 2617; x_wconf 63' lang='lat' dir='ltr'>Tancora</span> 
     </span>
    </p>
   </div>
   <div class='ocr_carea' id='block_1_13' title="bbox 90 2636 1154 2921">
    <p class='ocr_par' dir='ltr' id='par_1_13' title="bbox 129 2636 1153 2765">
     <span class='ocr_line' id='line_1_32' title="bbox 129 2636 1153 2709; baseline -0.003 -18"><span class='ocrx_word' id='word_1_265' title='bbox 129 2639 262 2707; x_wconf 90' lang='lat' dir='ltr'>superior.</span> <span class='ocrx_word' id='word_1_266' title='bbox 299 2640 317 2708; x_wconf 64' lang='lat' dir='ltr'>l</span> <span class='ocrx_word' id='word_1_267' title='bbox 343 2657 444 2694; x_wconf 92' lang='lat' dir='ltr'>ancora</span> <span class='ocrx_word' id='word_1_268' title='bbox 471 2640 594 2692; x_wconf 88' lang='lat' dir='ltr'>inferior.</span> <span class='ocrx_word' id='word_1_269' title='bbox 633 2638 739 2709; x_wconf 85' lang='lat' dir='ltr'>alogus.</span> <span class='ocrx_word' id='word_1_270' title='bbox 780 2639 824 2690; x_wconf 92' lang='lat' dir='ltr'>his</span> <span class='ocrx_word' id='word_1_271' title='bbox 853 2637 919 2692; x_wconf 88' lang='lat' dir='ltr'>solis</span> <span class='ocrx_word' id='word_1_272' title='bbox 948 2637 977 2689; x_wconf 91' lang='lat' dir='ltr'>in</span> <span class='ocrx_word' id='word_1_273' title='bbox 1010 2636 1153 2690; x_wconf 90' lang='lat' dir='ltr'>adnota-</span> 
     </span>
     <span class='ocr_line' id='line_1_33' title="bbox 129 2706 1153 2765; baseline -0.003 -3"><span class='ocrx_word' id='word_1_274' title='bbox 129 2710 282 2764; x_wconf 90' lang='lat' dir='ltr'>tionibus</span> <span class='ocrx_word' id='word_1_275' title='bbox 297 2711 381 2764; x_wconf 88' lang='lat' dir='ltr'>Ennii</span> <span class='ocrx_word' id='word_1_276' title='bbox 395 2711 496 2765; x_wconf 88' lang='lat' dir='ltr'>Lucilii</span> <span class='ocrx_word' id='word_1_277' title='bbox 512 2713 540 2764; x_wconf 91' lang='lat' dir='ltr'>et</span> <span class='ocrx_word' id='word_1_278' title='bbox 554 2711 750 2765; x_wconf 85' lang='lat' dir='ltr'>historicorum</span> <span class='ocrx_word' id='word_1_279' title='bbox 764 2709 808 2762; x_wconf 90' lang='lat' dir='ltr'>usi</span> <span class='ocrx_word' id='word_1_280' title='bbox 823 2711 888 2762; x_wconf 90' lang='lat' dir='ltr'>sunt</span> <span class='ocrx_word' id='word_1_281' title='bbox 902 2708 990 2762; x_wconf 90' lang='lat' dir='ltr'>Varro</span> <span class='ocrx_word' id='word_1_282' title='bbox 1006 2706 1032 2761; x_wconf 88' lang='lat' dir='ltr'>S.</span> <span class='ocrx_word' id='word_1_283' title='bbox 1044 2707 1153 2760; x_wconf 81' lang='lat' dir='ltr'>Ennius</span> 
     </span>
    </p>

    <p class='ocr_par' dir='ltr' id='par_1_14' title="bbox 90 2778 1154 2921">
     <span class='ocr_line' id='line_1_34' title="bbox 90 2778 1154 2850; baseline -0.006 -12"><span class='ocrx_word' id='word_1_284' title='bbox 90 2800 115 2838; x_wconf 89' lang='lat'>10</span> <span class='ocrx_word' id='word_1_285' title='bbox 129 2781 226 2833; x_wconf 85' lang='lat' dir='ltr'>Aelius</span> <span class='ocrx_word' id='word_1_286' title='bbox 242 2799 330 2849; x_wconf 91' lang='lat' dir='ltr'>aeque</span> <span class='ocrx_word' id='word_1_287' title='bbox 345 2785 373 2836; x_wconf 87' lang='lat' dir='ltr'>et</span> <span class='ocrx_word' id='word_1_288' title='bbox 387 2785 528 2850; x_wconf 86' lang='lat' dir='ltr'>postremo</span> <span class='ocrx_word' id='word_1_289' title='bbox 537 2782 653 2847; x_wconf 90' lang='lat' dir='ltr'>Probus,</span> <span class='ocrx_word' id='word_1_290' title='bbox 669 2782 718 2848; x_wconf 92' lang='lat' dir='ltr'>qui</span> <span class='ocrx_word' id='word_1_291' title='bbox 732 2780 796 2834; x_wconf 88' lang='lat' dir='ltr'>illas</span> <span class='ocrx_word' id='word_1_292' title='bbox 811 2781 842 2833; x_wconf 91' lang='lat' dir='ltr'>in</span> <span class='ocrx_word' id='word_1_293' title='bbox 851 2779 977 2849; x_wconf 87' lang='lat' dir='ltr'>Vergilio</span> <span class='ocrx_word' id='word_1_294' title='bbox 992 2781 1021 2833; x_wconf 83' lang='lat' dir='ltr'>ct</span> <span class='ocrx_word' id='word_1_295' title='bbox 1033 2778 1154 2833; x_wconf 89' lang='lat' dir='ltr'>Horatio</span> 
     </span>
     <span class='ocr_line' id='line_1_35' title="bbox 131 2852 863 2921; baseline 0 -17"><span class='ocrx_word' id='word_1_296' title='bbox 131 2853 159 2904; x_wconf 90' lang='lat' dir='ltr'>et</span> <span class='ocrx_word' id='word_1_297' title='bbox 178 2852 306 2905; x_wconf 87' lang='lat' dir='ltr'>Lucretio</span> <span class='ocrx_word' id='word_1_298' title='bbox 327 2855 466 2921; x_wconf 88' lang='lat' dir='ltr'>apposuit,</span> <span class='ocrx_word' id='word_1_299' title='bbox 488 2856 520 2906; x_wconf 89' lang='lat' dir='ltr'>ut</span> <span class='ocrx_word' id='word_1_300' title='bbox 539 2855 658 2907; x_wconf 88' lang='lat' dir='ltr'>Homero</span> <span class='ocrx_word' id='word_1_301' title='bbox 677 2852 863 2906; x_wconf 85' lang='lat' dir='ltr'>Aristarchus.</span> 
     </span>
    </p>
   </div>
   <div class='ocr_carea' id='block_1_14' title="bbox 69 2931 1175 3651">
    <p class='ocr_par' dir='ltr' id='par_1_15' title="bbox 131 2931 1155 3144">
     <span class='ocr_line' id='line_1_36' title="bbox 203 2931 1153 3002; baseline -0.004 -16"><span class='ocrx_word' id='word_1_302' title='bbox 203 2964 235 2970; x_wconf 97' lang='lat'>-</span> <span class='ocrx_word' id='word_1_303' title='bbox 256 2932 352 2986; x_wconf 89' lang='lat' dir='ltr'>obelus</span> <span class='ocrx_word' id='word_1_304' title='bbox 372 2934 497 2986; x_wconf 90' lang='lat' dir='ltr'>versibus</span> <span class='ocrx_word' id='word_1_305' title='bbox 517 2934 669 3002; x_wconf 88' lang='lat' dir='ltr'>apponitur</span> <span class='ocrx_word' id='word_1_306' title='bbox 686 2934 739 2986; x_wconf 90' lang='lat' dir='ltr'>hac</span> <span class='ocrx_word' id='word_1_307' title='bbox 759 2950 850 2986; x_wconf 92' lang='lat' dir='ltr'>causa.</span> <span class='ocrx_word' id='word_1_308' title='bbox 884 2931 1049 2984; x_wconf 87' lang='lat' dir='ltr'>Pisistratus</span> <span class='ocrx_word' id='word_1_309' title='bbox 1064 2947 1153 2997; x_wconf 87' lang='lat' dir='ltr'>quon-</span> 
     </span>
     <span class='ocr_line' id='line_1_37' title="bbox 131 3001 1155 3072; baseline 0 -18"><span class='ocrx_word' id='word_1_310' title='bbox 131 3003 196 3055; x_wconf 91' lang='lat' dir='ltr'>dam</span> <span class='ocrx_word' id='word_1_311' title='bbox 211 3004 425 3058; x_wconf 84' lang='lat' dir='ltr'>Atheniensium</span> <span class='ocrx_word' id='word_1_312' title='bbox 444 3007 579 3072; x_wconf 84' lang='lat' dir='ltr'>tyrannus</span> <span class='ocrx_word' id='word_1_313' title='bbox 599 3005 760 3059; x_wconf 88' lang='lat' dir='ltr'>inordinata</span> <span class='ocrx_word' id='word_1_314' title='bbox 779 3006 808 3057; x_wconf 83' lang='lat' dir='ltr'>ct</span> <span class='ocrx_word' id='word_1_315' title='bbox 827 3002 943 3057; x_wconf 86' lang='lat' dir='ltr'>confusa</span> <span class='ocrx_word' id='word_1_316' title='bbox 962 3002 1055 3055; x_wconf 88' lang='lat' dir='ltr'>adhuc</span> <span class='ocrx_word' id='word_1_317' title='bbox 1073 3001 1155 3069; x_wconf 90' lang='lat' dir='ltr'>poesi</span> 
     </span>
     <span class='ocr_line' id='line_1_38' title="bbox 131 3073 1154 3144; baseline 0 -19"><span class='ocrx_word' id='word_1_318' title='bbox 131 3074 245 3127; x_wconf 90' lang='lat' dir='ltr'>Homeri</span> <span class='ocrx_word' id='word_1_319' title='bbox 263 3076 388 3142; x_wconf 90' lang='lat' dir='ltr'>praemio</span> <span class='ocrx_word' id='word_1_320' title='bbox 409 3075 561 3130; x_wconf 86' lang='lat' dir='ltr'>sollicitare</span> <span class='ocrx_word' id='word_1_321' title='bbox 579 3077 727 3144; x_wconf 90' lang='lat' dir='ltr'>proposuit</span> <span class='ocrx_word' id='word_1_322' title='bbox 746 3092 792 3128; x_wconf 91' lang='lat' dir='ltr'>eos</span> <span class='ocrx_word' id='word_1_323' title='bbox 811 3075 860 3142; x_wconf 91' lang='lat' dir='ltr'>qui</span> <span class='ocrx_word' id='word_1_324' title='bbox 879 3073 1042 3128; x_wconf 89' lang='lat' dir='ltr'>ordinarent</span> <span class='ocrx_word' id='word_1_325' title='bbox 1061 3073 1154 3140; x_wconf 88' lang='lat' dir='ltr'>iisque</span> 
     </span>
    </p>

    <p class='ocr_par' dir='ltr' id='par_1_16' title="bbox 91 3144 1156 3502">
     <span class='ocr_line' id='line_1_39' title="bbox 91 3144 1153 3217; baseline -0.006 -15"><span class='ocrx_word' id='word_1_326' title='bbox 91 3162 116 3202; x_wconf 85' lang='lat'>15</span> <span class='ocrx_word' id='word_1_327' title='bbox 130 3145 249 3213; x_wconf 90' lang='lat' dir='ltr'>praemii</span> <span class='ocrx_word' id='word_1_328' title='bbox 272 3147 384 3200; x_wconf 88' lang='lat' dir='ltr'>nomine</span> <span class='ocrx_word' id='word_1_329' title='bbox 407 3148 437 3200; x_wconf 92' lang='lat' dir='ltr'>in</span> <span class='ocrx_word' id='word_1_330' title='bbox 459 3148 584 3217; x_wconf 90' lang='lat' dir='ltr'>singulos</span> <span class='ocrx_word' id='word_1_331' title='bbox 608 3164 702 3201; x_wconf 89' lang='lat' dir='ltr'>versus</span> <span class='ocrx_word' id='word_1_332' title='bbox 727 3146 852 3216; x_wconf 89' lang='lat' dir='ltr'>singulos</span> <span class='ocrx_word' id='word_1_333' title='bbox 879 3144 975 3199; x_wconf 91' lang='lat' dir='ltr'>obolos</span> <span class='ocrx_word' id='word_1_334' title='bbox 995 3145 1153 3198; x_wconf 90' lang='lat' dir='ltr'>constituit.</span> 
     </span>
     <span class='ocr_line' id='line_1_40' title="bbox 131 3215 1154 3287; baseline 0 -19"><span class='ocrx_word' id='word_1_335' title='bbox 131 3217 260 3270; x_wconf 89' lang='lat' dir='ltr'>mercede</span> <span class='ocrx_word' id='word_1_336' title='bbox 285 3217 369 3271; x_wconf 88' lang='lat' dir='ltr'>multi</span> <span class='ocrx_word' id='word_1_337' title='bbox 394 3219 504 3272; x_wconf 86' lang='lat' dir='ltr'>inducti</span> <span class='ocrx_word' id='word_1_338' title='bbox 530 3234 680 3287; x_wconf 86' lang='lat' dir='ltr'>pauperes,</span> <span class='ocrx_word' id='word_1_339' title='bbox 709 3219 810 3285; x_wconf 91' lang='lat' dir='ltr'>quibus</span> <span class='ocrx_word' id='word_1_340' title='bbox 837 3216 982 3286; x_wconf 84' lang='lat' dir='ltr'>ingenium</span> <span class='ocrx_word' id='word_1_341' title='bbox 1008 3215 1154 3282; x_wconf 86' lang='lat' dir='ltr'>affluebat,</span> 
     </span>
     <span class='ocr_line' id='line_1_41' title="bbox 132 3288 1154 3362; baseline 0 -22"><span class='ocrx_word' id='word_1_342' title='bbox 132 3288 265 3354; x_wconf 91' lang='lat' dir='ltr'>quoniam</span> <span class='ocrx_word' id='word_1_343' title='bbox 285 3291 333 3342; x_wconf 90' lang='lat' dir='ltr'>aut</span> <span class='ocrx_word' id='word_1_344' title='bbox 352 3288 476 3344; x_wconf 89' lang='lat' dir='ltr'>invenire</span> <span class='ocrx_word' id='word_1_345' title='bbox 497 3293 545 3343; x_wconf 90' lang='lat' dir='ltr'>aut</span> <span class='ocrx_word' id='word_1_346' title='bbox 565 3290 639 3362; x_wconf 83' lang='lat' dir='ltr'>&lt;ut&gt;</span> <span class='ocrx_word' id='word_1_347' title='bbox 661 3290 807 3358; x_wconf 89' lang='lat' dir='ltr'>disponere</span> <span class='ocrx_word' id='word_1_348' title='bbox 830 3288 971 3342; x_wconf 88' lang='lat' dir='ltr'>debebant</span> <span class='ocrx_word' id='word_1_349' title='bbox 993 3304 1050 3340; x_wconf 91' lang='lat' dir='ltr'>non</span> <span class='ocrx_word' id='word_1_350' title='bbox 1074 3288 1154 3355; x_wconf 91' lang='lat' dir='ltr'>pote·</span> 
     </span>
     <span class='ocr_line' id='line_1_42' title="bbox 132 3359 1154 3430; baseline -0.001 -19"><span class='ocrx_word' id='word_1_351' title='bbox 132 3361 204 3426; x_wconf 89' lang='lat' dir='ltr'>rant,</span> <span class='ocrx_word' id='word_1_352' title='bbox 224 3359 355 3430; x_wconf 88' lang='lat' dir='ltr'>fingendo</span> <span class='ocrx_word' id='word_1_353' title='bbox 374 3361 508 3429; x_wconf 90' lang='lat' dir='ltr'>plurimos</span> <span class='ocrx_word' id='word_1_354' title='bbox 529 3380 623 3415; x_wconf 87' lang='lat' dir='ltr'>versus</span> <span class='ocrx_word' id='word_1_355' title='bbox 647 3360 738 3429; x_wconf 89' lang='lat' dir='ltr'>operis</span> <span class='ocrx_word' id='word_1_356' title='bbox 762 3360 941 3414; x_wconf 89' lang='lat' dir='ltr'>nobilitatem</span> <span class='ocrx_word' id='word_1_357' title='bbox 960 3367 1154 3427; x_wconf 85' lang='lat' dir='ltr'>corruperunt.</span> 
     </span>
     <span class='ocr_line' id='line_1_43' title="bbox 132 3429 1156 3502; baseline 0.002 -22"><span class='ocrx_word' id='word_1_358' title='bbox 132 3429 207 3484; x_wconf 86' lang='lat' dir='ltr'>unde</span> <span class='ocrx_word' id='word_1_359' title='bbox 221 3432 315 3486; x_wconf 78' lang='lat' dir='ltr'>evenit</span> <span class='ocrx_word' id='word_1_360' title='bbox 334 3435 365 3486; x_wconf 86' lang='lat' dir='ltr'>ut</span> <span class='ocrx_word' id='word_1_361' title='bbox 379 3436 481 3502; x_wconf 87' lang='lat' dir='ltr'>postea</span> <span class='ocrx_word' id='word_1_362' title='bbox 494 3433 690 3502; x_wconf 87' lang='lat' dir='ltr'>prudentiores</span> <span class='ocrx_word' id='word_1_363' title='bbox 704 3433 765 3499; x_wconf 87' lang='lat' dir='ltr'>viri,</span> <span class='ocrx_word' id='word_1_364' title='bbox 785 3449 902 3498; x_wconf 90' lang='lat' dir='ltr'>quorum</span> <span class='ocrx_word' id='word_1_365' title='bbox 917 3447 1040 3483; x_wconf 77' lang='lat' dir='ltr'>summus</span> <span class='ocrx_word' id='word_1_366' title='bbox 1055 3430 1086 3482; x_wconf 95' lang='lat' dir='ltr'>in</span> <span class='ocrx_word' id='word_1_367' title='bbox 1100 3429 1156 3483; x_wconf 88' lang='lat' dir='ltr'>hae</span> 
     </span>
    </p>

    <p class='ocr_par' dir='ltr' id='par_1_17' title="bbox 69 3499 1175 3651">
     <span class='ocr_line' id='line_1_44' title="bbox 69 3499 1157 3577; baseline 0.006 -31"><span class='ocrx_word' id='word_1_368' title='bbox 69 3513 101 3548; x_wconf 77' lang='lat'>20</span> <span class='ocrx_word' id='word_1_369' title='bbox 113 3515 147 3548; x_wconf 79' lang='lat' dir='ltr'>re</span> <span class='ocrx_word' id='word_1_370' title='bbox 159 3499 220 3552; x_wconf 70' lang='lat' dir='ltr'>fuit</span> <span class='ocrx_word' id='word_1_371' title='bbox 231 3503 428 3577; x_wconf 78' lang='lat' dir='ltr'>Aristarchus,</span> <span class='ocrx_word' id='word_1_372' title='bbox 450 3507 586 3577; x_wconf 88' lang='lat' dir='ltr'>quotiens</span> <span class='ocrx_word' id='word_1_373' title='bbox 601 3504 788 3575; x_wconf 86' lang='lat' dir='ltr'>inprobarent</span> <span class='ocrx_word' id='word_1_374' title='bbox 801 3519 898 3556; x_wconf 77' lang='lat' dir='ltr'>uersus</span> <span class='ocrx_word' id='word_1_375' title='bbox 910 3501 994 3566; x_wconf 70' lang='lat' dir='ltr'>quasi</span> <span class='ocrx_word' id='word_1_376' title='bbox 1004 3503 1056 3552; x_wconf 81' lang='lat' dir='ltr'>aut</span> <span class='ocrx_word' id='word_1_377' title='bbox 1064 3501 1157 3560; x_wconf 82' lang='lat' dir='ltr'>malos</span> 
     </span>
     <span class='ocr_line' id='line_1_45' title="bbox 104 3569 1175 3651; baseline -0.013 -18"><span class='ocrx_word' id='word_1_378' title='bbox 104 3569 156 3608; x_wconf 65' lang='lat'>”⁴¹</span> <span class='ocrx_word' id='word_1_379' title='bbox 171 3588 232 3624; x_wconf 79' lang='lat'><strong><em>11011</em></strong></span> <span class='ocrx_word' id='word_1_380' title='bbox 251 3575 437 3651; x_wconf 86' lang='lat' dir='ltr'>Homericos,</span> <span class='ocrx_word' id='word_1_381' title='bbox 467 3581 591 3638; x_wconf 89' lang='lat' dir='ltr'>obelum</span> <span class='ocrx_word' id='word_1_382' title='bbox 610 3577 767 3650; x_wconf 85' lang='lat' dir='ltr'>potissime</span> <span class='ocrx_word' id='word_1_383' title='bbox 790 3573 953 3628; x_wconf 81' lang='lat' dir='ltr'>notandum</span> <span class='ocrx_word' id='word_1_384' title='bbox 970 3569 1175 3620; x_wconf 62' lang='lat' dir='ltr'>enrst&#39;xmarent.</span> 
     </span>
    </p>
   </div>
   <div class='ocr_carea' id='block_1_15' title="bbox 0 0 1211 3824">
    <p class='ocr_par' dir='ltr' id='par_1_18' title="bbox 0 0 1211 3824">
     <span class='ocr_line' id='line_1_46' title="bbox 0 0 1211 3824; baseline 0 0"><span class='ocrx_word' id='word_1_385' title='bbox 0 0 1211 3824; x_wconf 95' lang='lat' dir='ltr'> </span> 
     </span>
    </p>
   </div>
  </div>
 </body>
</html>
