2400 3824
113 162 181 226 490
281 163 487 217 Grammaticae
507 163 609 216 aetatis
627 165 791 232 Augusteae
810 163 992 235 fragmenta

114 333 168 390 ita
191 332 293 391 homo
316 334 424 390 tenax
447 351 630 408 parvoque
653 334 852 391 contentus
879 337 1013 393 omnia
1038 338 1134 396 custo·

86 421 190 480 odite
209 424 244 478 et
265 420 455 479 recondita
477 421 586 479 habet
608 420 719 480 sicuti
743 439 843 497 arca3
869 442 990 499 quarn
1009 425 1053 485 ob
1071 443 1133 484 oau-

113 528 185 568 sam
207 528 338 585 parcus
363 512 467 584 quasi
490 528 662 585 pararcus
686 511 740 569 est
763 513 1001 574 nominatus.

187 608 253 663 Gall.
270 613 386 674 3,19,1
416 607 565 677 legebatur
588 606 669 662 Gavii
694 608 774 661 Bassi
803 640 841 648 -
870 609 955 665 liber
980 612 1020 667 de
1044 611 1130 683 origine

111 679 260 733 verborum
279 681 307 732 et
324 679 532 733 vocabulorum.
570 680 674 747 inquo
698 680 740 733 ita
759 678 906 749 scriptum
926 681 1003 738 fuit:
1028 708 1130 747 paroea-

111 765 245 805 nominatus.
281 753 342 803 tum
361 749 522 817 Favorinus,
545 750 595 803 ubi
613 750 684 804 haec
703 751 826 806 audivit:
852 753 1086 822 ‘superstitioso'
1101 753 1129 806 ir·

112 821 175 889 quit
195 823 236 876 ‘et
254 821 337 874 nimis
356 821 474 876 moleste
493 825 577 890 atque
597 822 693 876 odioso
712 822 934 879 confabricatus
955 826 1128 880 commolitus

113 911 166 961 que
192 893 284 962 magis
310 895 352 946 est
378 893 515 961 originem
539 893 670 946 vocabuli
693 892 799 947 Gavius
825 893 883 948 iste
910 895 1040 965 Bassus,
1066 913 1127 966 quan

112 965 273 1018 cnanavit’.
310 966 345 1030 ef.
364 965 437 1019 Sero.
457 966 534 1019 Dan.
554 972 579 1019 ct
596 964 683 1020 Schol.
703 966 788 1019 Bora.
807 983 902 1037 μεως.
925 974 954 1035 1,
970 975 1019 1024 47.
1047 975 1072 1035 3,
1084 971 1126 1022 403.

184 1077 199 1124 6
218 1071 363 1142 pararcus]
382 1088 498 1139 pararce
517 1088 550 1126 aa
568 1087 653 1140 parce
671 1071 838 1143 Lepet-Bat.
859 1074 956 1129 Vatia.

573 1225 593 1280 7
617 1216 667 1301 [2]

179 1348 239 1387 non
257 1330 346 1404 pauci
365 1332 436 1387 sunt
450 1329 502 1403 qui
521 1330 683 1405 opinantur
701 1329 840 1404 pedarios
860 1336 1028 1394 senatores
1046 1331 1124 1410 appel·

113 1419 205 1492 latos,
237 1418 288 1492 qui
311 1418 490 1477 sententiam
512 1419 545 1476 in
568 1422 673 1478 senatu
696 1437 754 1477 non
778 1419 880 1478 verbis
912 1422 1068 1498 dicarent,
1090 1418 1124 1480 sed

113 1507 145 1563 in
168 1506 296 1565 alienam
320 1507 499 1566 sententiam
522 1507 647 1583 pedibus
670 1508 756 1565 irent.
803 1508 878 1583 quid
908 1510 1036 1588 igitur?
1077 1529 1124 1571 oon

114 1599 234 1653 senatus
261 1598 429 1655 consultum
452 1615 506 1671 per
524 1596 733 1656 discessionem
755 1596 856 1673 fiebat,
880 1618 990 1661 nonne
1014 1596 1124 1660 universi

86 1688 263 1743 asenatores
286 1685 465 1744 sententiam
488 1685 613 1761 podibus
637 1683 794 1744 ferebant?
831 1690 929 1763 atque
955 1690 1035 1751 haec
1055 1691 1124 1750 atium

113 1773 252 1832 vocabuli
288 1774 376 1833 istius
413 1774 491 1832 ratio
529 1774 645 1848 dicitur,
683 1793 773 1850 quam
806 1772 925 1836 Gavius
961 1778 1076 1840 Bassus
1103 1779 1124 1835 n

113 1865 332 1922 commentariis
347 1865 407 1922 suis
422 1865 564 1938 scriptam
583 1864 713 1939 reliquit.
746 1866 901 1924 senatores
918 1869 1006 1926 enim
1025 1868 1124 1928 dicitis

112 1956 248 2010 veterum
267 1955 374 2024 aetate,
398 1954 452 2026 qui
471 1953 602 2011 curulem
621 1954 831 2031 magistratum
850 1956 1034 2034 gessissent,
1056 1973 1125 2018 curru

114 2041 217 2100 solitos
241 2042 360 2100 honoris
384 2043 483 2118 gratia
506 2041 538 2098 in
561 2044 675 2100 curiam
697 2042 779 2114 vehi,
806 2044 839 2100 in
863 2062 927 2118 quo
954 2064 1049 2106 curru
1070 2044 1125 2105 sen

73 2143 100 2183 10
114 2133 198 2205 esset,
217 2148 411 2205 superquam
430 2130 625 2205 considerent,
644 2149 720 2206 quae
734 2131 771 2189 ob
790 2150 858 2190 eam
878 2151 1013 2195 causam
1031 2132 1125 2195 curulis

114 2219 329 2294 appellaretur3
355 2218 407 2277 sed
430 2238 479 2278 eos
503 2224 662 2296 senatores,
686 2220 738 2296 qui
760 2220 984 2296 magistratum
1008 2225 1125 2285 curulem

113 2307 244 2365 nondum
273 2310 425 2383 ceperant,
455 2309 579 2383 pedibus
607 2310 730 2368 itavisse
754 2309 786 2366 in
810 2311 947 2386 curiam3
982 2317 1125 2390 propterca

113 2400 265 2456 senatores
284 2397 415 2455 nondum
433 2398 594 2456 maioribus
613 2397 774 2457 honoribus
794 2397 939 2474 pedarios
960 2405 1124 2463 nominatos

188 2487 254 2541 Geli.
275 2491 300 2553 3,
320 2490 365 2552 18,
385 2492 400 2539 1
424 2513 471 2541 non
488 2502 555 2549 pauci
569 2521 596 2527 -
609 2502 742 2542 nominatos.
784 2488 818 2552 cf.
843 2487 939 2544 VWO
959 2500 1016 2548 Mt.
1034 2495 1071 2560 fr.
1083 2492 1125 2545 220

114 2559 183 2612 Bac.
209 2560 289 2612 Paul.
313 2560 385 2612 Fert.
406 2575 435 2626 p.
455 2563 556 2624 4217⁸
594 2559 666 2614 Sero.
687 2562 755 2613 Aea,
775 2563 819 2626 11,
834 2562 898 2615 334.
937 2564 1014 2618 Issa.
1038 2581 1076 2619 or.
1091 2564 1124 2623 20,

113 2634 157 2696 11,
171 2635 213 2683 11.
253 2629 338 2684 CGL
358 2630 401 2682 VI
414 2634 477 2684 299.

186 2733 201 2780 6
221 2726 337 2799 Gavius]
357 2727 389 2781 G.
482 2733 514 2781 10
534 2728 704 2783 consideret:
723 2746 771 2784 cm.
790 2728 867 2782 codd.
888 2730 992 2788 ἀρέσῃ.
1078 2746 1123 2785 our·

112 2797 182 2851 rulis
278 2805 311 2853 12
334 2799 376 2852 ita
394 2799 436 2853 vis
456 2815 485 2852 se
504 2800 591 2854 Vatia.
617 2799 659 2852 ita
677 2800 761 2854 ivisse
780 2800 961 2869 Lupa-Bar.
990 2802 1125 2858 intravisse

114 2871 206 2924 Poris.
298 2875 331 2923 lt
353 2870 417 2924 hon.
437 2870 549 2924 functos
567 2872 644 2925 codd.
664 2873 758 2926 dcterr.
783 2887 849 2926 usos
867 2874 982 2930 mavult
1000 2877 1086 2931 Hem

181 3110 279 3186 lepide
313 3110 488 3169 mihercules
521 3114 552 3167 et
586 3111 659 3169 scite
688 3109 798 3169 Gavius
828 3110 945 3172 Bassus
982 3115 1018 3174 in
1047 3114 1128 3183 libris,

115 3216 189 3273 quos
217 3199 253 3257 de
277 3199 390 3276 origine
418 3199 631 3257 vocabulorum
662 3200 842 3274 composuit,
872 3201 955 3261 unde
986 3204 1128 3283 appellata

114 3306 242 3362 persona
260 3289 300 3346 sit
317 3289 546 3363 interpretatur,
566 3307 583 3345 a
602 3288 787 3364 personando
807 3291 887 3346 enim
905 3290 939 3348 id
958 3293 1128 3354 vocabulum

115 3378 228 3435 factum
247 3395 309 3435 esse
329 3377 484 3436 coniectat.
526 3396 606 3435 nam
628 3379 735 3453 caput
757 3378 858 3452 inquit
882 3382 919 3437 et
939 3398 980 3441 os
1000 3381 1128 3461 coperi-

85 3468 233 3528 smento
263 3486 442 3546 personae
469 3469 610 3525 tectum
636 3466 799 3535 untione
823 3485 971 3557 unam
997 3476 1129 3531 amum

105 3561 209 3624 vocis
233 3561 471 3624 emittendae
488 3558 555 3617 viu
575 3554 764 3630 pervium,
784 3563 961 3615 quoniam
975 3567 1055 3605 aaa
1067 3568 1149 3621 uua
