2400 3824
448 184 487 240 Μ.
505 174 651 239 Terentius
670 183 759 240 Varro
1045 184 1112 249 215

93 373 184 415 rnone
206 374 248 415 an
267 349 428 432 Hesiodus]
452 355 536 430 prior
558 356 598 412 sit
620 357 718 428 uetus,
740 373 847 430 perum
870 359 1006 413 constare
1029 353 1112 430 dioit,

93 445 225 505 sednon
243 463 306 504 esse
325 443 457 517 dubium,
481 445 553 518 quin
577 444 678 517 aliquo
697 447 830 518 tempore
848 443 952 502 eodem
974 444 1111 519 vixerint

92 534 183 610 idque
211 553 247 592 ex
273 535 488 610 epigrammate
517 525 594 611 [AP
616 535 644 598 7,
662 526 717 611 53]
746 533 871 606 ostendi,
902 531 981 608 quod
1002 534 1036 591 in
1058 535 1111 591 tn·-

92 623 170 700 pode
199 624 344 698 seriptum
374 625 432 696 est,
465 624 517 698 qui
546 623 578 679 in
610 623 710 680 monte
740 621 883 680 Helieone
913 621 951 679 eb
981 621 1139 680 Hesiodoo

91 715 209 790 positus
230 711 369 771 traditur.

166 811 234 866 Geli.
249 814 275 876 3,
291 815 325 864 11
344 825 428 878 super
446 811 541 864 eetste
559 808 674 862 Homeri
693 810 779 876 etque
793 807 911 862 Hesiodi
924 826 981 863 non
996 825 1112 863 eonsen-

90 882 170 936 titur.
190 881 241 936 ulii
254 881 407 936 Homerum
421 898 507 949 quam
520 879 675 934 Hesiodum
689 879 825 933 maiorem
839 882 910 933 netu
923 879 1010 933 fuisse
1025 879 1113 948 serip-

90 954 202 1019 serunt,
235 953 265 1006 in
293 953 357 1020 quis
385 950 568 1007 Philochorus
601 951 712 1022 [ΓΗΘ
730 956 756 1018 1,
770 951 837 1023 393]
869 954 898 1005 et
926 949 1112 1020 Xenophanes

90 1023 154 1149 ssr'h
156 1029 191 1079 13
205 1024 283 1149 Delen]³
284 1065 299 1148 t,
323 1023 374 1106 olii
392 1023 543 1148 πιίῃοξθω,
566 1022 596 1076 in
615 1023 679 1091 quis
698 1022 727 1074 L.
747 1023 848 1076 Accius
867 1024 952 1091 poete
971 1022 1018 1093 [fr.
1035 1024 1063 1094 1]
1083 1024 1113 1134 et

114 1113 134 1164 p
156 1113 221 1150 orus
298 1110 375 1149 oneo
394 1111 469 1165 sonp
483 1111 514 1150 or
533 1094 643 1166 [ΓΗΘ
657 1100 683 1159 1,
695 1093 802 1148 97711.
818 1136 824 1147 .
843 1108 874 1148 u
893 1095 989 1147 eutem
1003 1109 1076 1148 vam

89 1182 195 1222 ninius.
221 1167 257 1232 cf.
274 1166 343 1221 Geli.
359 1169 404 1232 17,
412 1170 458 1232 21,
468 1169 493 1220 3.
512 1167 611 1222 ΓΗΘ
625 1171 651 1232 1,
665 1169 763 1234 39989.
813 1165 912 1221 ..sote
926 1182 948 1220 e.
962 1163 1113 1234 υ.”ομηρος

92 1238 173 1294 Olem.
193 1239 274 1292 Ater.
292 1245 382 1293 strom
399 1244 424 1303 1,
437 1242 482 1293 21.
511 1239 627 1292 Hieron.
647 1236 685 1291 ad
704 1254 729 1290 a.
750 1239 817 1292 Aer.
838 1242 916 1292 1194.

166 1352 183 1398 4
203 1345 248 1416 ex]
267 1347 297 1398 et
316 1345 423 1400 Itinera

544 1479 585 1536 69
626 1480 645 1534 4

90 1586 147 1645 tl.
171 1585 314 1660 oepella
328 1584 473 1643 Homeri
492 1470 752 1643 sendiie]heee
770 1584 946 1641 tumulum
959 1584 1113 1657 indicet,

171 1673 266 1750 quod
288 1674 354 1732 hoo
376 1673 476 1732 Ietee
499 1677 639 1732 mortuo
662 1673 804 1730 iaciunt
826 1689 937 1731 suere.

164 1773 233 1826 dett.
248 1776 274 1838 3,
289 1777 332 1838 11,
347 1776 408 1840 deq.
446 1771 481 1825 de
500 1771 594 1840 patrie
612 1785 724 1839 quoque
742 1769 857 1824 Homeri
880 1769 971 1825 multo
989 1771 1112 1824 mexime

88 1843 248 1898 dissensum
271 1845 322 1896 eet.
360 1841 410 1896 elii
434 1840 651 1910 Colophonium,
676 1840 727 1894 elii
750 1839 948 1910 Smymoeum‚
974 1845 1040 1895 sunt
1062 1842 1112 1910 qni

88 1914 301 1979 Atheniensem,
320 1915 386 1966 sunt
405 1913 491 1967 etiem
510 1913 560 1982 qui
578 1913 748 1982 Aegyptium
769 1912 857 1966 fuisse
875 1913 985 1978 dicent,
1004 1913 1112 1967 Aristo-

87 1985 161 2039 teles
184 1986 231 2057 [fr.
247 1990 284 2040 66
298 1986 386 2039 Aend.
406 1984 511 2055 Berot]
534 1984 711 2037 tradiditor
735 1983 828 2037 insule
850 1984 888 2039 Io.
910 1983 947 2038 M.
968 1984 1058 2038 Verre
1081 1985 1111 2037 in

87 2055 163 2110 libro
191 2056 227 2109 de
254 2055 427 2125 imegn'nibus
456 2055 547 2123 primo
571 2054 686 2109 Homeri
711 2054 831 2125 imagini
859 2055 1035 2125 epigramma
1057 2055 1112 2110 hoo

87 2127 235 2198 apposuit:
254 2143 342 2189 ospello
354 2159 382 2166 -
394 2152 464 2182 morti

163 2225 177 2269 1
198 2215 352 2270 tumultum
371 2216 448 2270 codd.
467 2222 537 2285 opt:
555 2233 604 2270 em.
623 2217 699 2269 codd.
719 2217 799 2271 deter.
886 2222 902 2268 2
922 2214 1002 2280 Quod
1021 2215 1112 2271 seiete

88 2288 224 2358 (ooietem
242 2287 262 2340 h
280 2294 345 2343 onte
364 2305 381 2340 a
399 2304 433 2341 es.
453 2287 650 2357 Linqui-Both
670 2305 718 2342 em.
737 2287 893 2343 Sainmeino
970 2289 973 2294 ’

228 2536 277 2590 ΒΕ
297 2535 481 2590 SOAENICIS
501 2534 710 2590 ORIGINIBUS
729 2534 919 2590 LIBRORUM
938 2534 976 2588 III

160 2668 257 2716 eontra
275 2661 442 2732 Hieronymi
459 2661 643 2716 testimonimn
661 2662 758 2729 (snpra
775 2661 834 2714 ind.
853 2677 883 2728 p.
903 2662 969 2727 189)
994 2674 1045 2713 noe
1067 2660 1112 2714 De

86 2734 271 2803 redemerim,
289 2749 347 2787 non
365 2733 410 2786 De
427 2732 495 2802 orie.
510 2748 598 2786 senen.
612 2733 772 2800 smpsimus
790 2732 916 2786 Nonium
932 2729 1111 2785 Censorinum

88 2805 249 2861 onarntmn
272 2806 323 2872 (ter
340 2805 388 2869 sie,
406 2804 486 2857 semel
504 2809 600 2857 eontra
617 2802 654 2868 fr.
670 2804 715 2871 73)
733 2803 834 2869 oeenti;
856 2803 889 2856 de
912 2818 1028 2872 quornm
1050 2802 1109 2856 ido·

86 2878 149 2930 nes'e
171 2876 330 2930 anetoritne
352 2876 387 2941 ef.
414 2875 568 2940 oenones,
594 2873 737 2928 Oomment.
758 2875 827 2943 pini.
851 2874 889 2928 ad
912 2873 973 2928 iton.
1000 2873 1108 2928 oRtoo.

87 2948 216 3016 (In‘psine
226 2949 313 3015 1888)
327 2963 358 3014 p.
373 2950 471 3014 teoto.
491 2961 621 3000 nnmerns
639 2952 728 2999 annm
744 2946 876 3000 librorum
890 2946 925 2999 ab
940 2945 1111 3014 Hieronymo

86 3018 210 3073 natine
232 3036 251 3072 a
272 3019 453 3086 scriptorium
474 3017 661 3083 confirmetur.
698 3023 831 3071 naturam
854 3018 943 3086 operio
969 3015 1111 3070 Uictorino

87 3089 204 3156 definire
226 3095 341 3144 eonotne
363 3094 403 3142 est
426 3088 504 3156 (ibid.
517 3105 545 3155 p.
560 3091 657 3156 417sq.
694 3094 719 3141 et
737 3089 899 3156 praesertim
918 3088 995 3155 498);
1019 3088 1069 3155 qni
1084 3088 1111 3141 oi

87 3177 147 3214 non
169 3161 249 3214 nullo
272 3160 452 3215 Varroniano
474 3177 493 3213 a
516 3159 613 3213 Plinio
635 3165 743 3212 servata
767 3159 852 3213 eidem
870 3159 980 3223 tribuit,
1003 3163 1109 3225 qnnntn

84 3231 239 3302 prndentia
256 3233 311 3286 ista
324 3233 357 3286 in
373 3248 403 3285 re
421 3247 491 3298 opns
503 3232 541 3283 sit
555 3231 689 3284 Mneneer
701 3236 770 3284 reete
787 3230 895 3284 monnit
908 3228 1071 3298 (Quotienior.
1081 3229 1109 3283 d.

88 3303 146 3374 Ny.
165 3303 192 3356 d.
212 3303 287 3358 Ptin.
304 3319 333 3370 p.
353 3303 470 3371 Iidem).
507 3302 601 3370 itaque
622 3318 655 3354 ea
674 3301 711 3354 od
729 3302 848 3355 incertae
865 3300 937 3354 sedis
953 3301 1110 3370 fraumenta

87 3375 268 3446 reieqaoimns
290 3375 336 3442 (fr.
356 3376 523 3443 309-318)
546 3372 654 3426 omissis
671 3371 763 3426 Plinii
779 3389 807 3424 n.
826 3372 851 3424 t.
872 3374 916 3437 17,
935 3375 961 3424 6.
982 3375 1032 3436 36,
1054 3374 1112 3423 204

88 3447 136 3514 (ef.
151 3450 195 3511 34,
210 3449 253 3499 36.
273 3450 316 3512 36,
333 3449 357 3499 5.
377 3449 420 3512 59,
436 3446 508 3516 114),
528 3460 599 3514 quoe
616 3445 783 3500 vehementer
803 3442 933 3499 debitori
949 3445 1041 3509 notent
1056 3455 1132 3489 num

93 3517 224 3570 Varrone
237 3517 298 3569 einr
313 3517 462 3583 (Mneneer
474 3518 544 3574 ibid.
560 3535 594 3590 p.
608 3522 677 3575 146.
691 3521 761 3576 328.
776 3519 856 3590 332).
890 3531 925 3570 eo
945 3524 1058 3581 (ΜΨ
1076 3518 1168 3579 ΨΜ,

72 3585 110 3636 n
129 3584 280 3650 sommae,
303 3587 338 3640 m
363 3590 528 3662 eayoetra,
557 3593 595 3650 de
619 3595 738 3657 theano
768 3598 841 3652 som
874 3588 928 3660 ψ.
953 3580 1094 3646 noemi,
1119 3577 1177 3622 m*
