2400 3824
358 155 359 159 ,
413 112 450 165 Μ.
470 110 617 164 Terentius
637 110 725 164 Varro
1012 111 1076 174 221

58 282 173 340 dictum
196 285 226 339 et
248 281 370 339 tertiam
393 281 553 356 quandam,
584 282 667 339 cuius
690 299 768 337 nunc
791 280 865 338 mihi
889 259 996 338 nonien
1019 298 1078 337 non
1093 297 1119 335 so

58 370 200 446 subpetit,
214 372 255 438 111
278 369 404 446 pistrino
429 390 496 429 eum
519 370 670 444 scripsisse
694 370 789 427 Varro
814 373 844 427 et
866 369 1001 445 plerique
1025 369 1078 426 alii

57 461 218 518 memoriae
241 458 438 533 tradiderunt,
463 478 529 517 cum
553 461 679 534 pecunia
703 460 792 531 omni,
816 477 905 532 quam
929 459 960 515 in
980 459 1078 532 operis

59 549 208 608 artificum
222 551 425 607 scaenicorum
438 551 603 624 pepererat,
619 549 651 604 in
665 548 845 606 mercatibus
860 546 978 622 perdita
991 548 1078 621 inops

57 638 185 696 Romam
216 637 343 696 redisset
372 641 401 695 et
434 637 470 695 ob
504 637 704 712 quaerendum
740 637 852 694 victum
886 635 923 693 ad
955 637 1078 692 circum-

58 725 190 804 agendas
208 727 313 800 molas,
337 745 412 801 quae
431 726 585 784 trusatiles
608 726 808 801 appellantur,
832 744 952 800 operam
971 726 1079 800 pistori
1092 739 1119 781 as

58 817 194 874 locasset.

127 940 216 998 sicuti
246 939 282 998 de
310 939 425 998 Naevio
456 959 575 1014 quoque
606 941 772 1014 accepimus
803 938 920 996 fabulas
951 957 1018 995 eum
1047 939 1079 994 in

59 1047 176 1087 1111111
207 1028 280 1087 duas
311 1029 476 1104 scripsisse,
508 1028 665 1086 Hariolum
697 1031 727 1086 et
756 1027 911 1100 Leontem,
945 1046 1012 1085 cum
1042 1026 1099 1084 ob*

59 1117 212 1177 assiduam
235 1118 475 1175 maledicentiam
496 1120 526 1176 et
544 1117 653 1192 probra
672 1117 704 1174 in
723 1117 872 1192 principes
891 1117 1024 1174 civitatis
1044 1115 1079 1173 de

60 1206 241 1266 Graecorum
259 1209 416 1283 poetarum
435 1225 516 1265 more
532 1207 612 1266 dicta
631 1208 661 1263 in
677 1207 797 1264 vincula
811 1207 923 1264 Romae
939 1225 956 1264 a
974 1205 1078 1262 trium·
1093 1222 1120 1261 40

59 1298 133 1356 viris
153 1297 302 1354 coniectus
321 1299 405 1354 esset.
444 1296 521 1354 unde
539 1298 607 1370 post
626 1315 644 1353 a
661 1295 791 1353 tribunis
812 1296 907 1370 plebis
927 1295 1079 1369 exemptus

60 1388 119 1458 est,
149 1404 214 1443 cum
243 1386 275 1442 in
301 1385 348 1442 his
377 1403 451 1460 quas
482 1403 571 1458 supra
599 1385 661 1442 dixi
691 1385 799 1442 fabulis
830 1384 939 1442 delicta
967 1402 1021 1441 sua
1050 1386 1080 1440 et

59 1474 245 1551 petulantias
265 1474 419 1548 dictomm,
440 1473 547 1549 quibus
566 1474 676 1532 multos
691 1479 760 1531 ante
779 1475 916 1546 laeserat,
935 1473 1078 1530 diluisset.

135 1599 203 1654 Geli.
218 1602 276 1664 373
295 1624 372 1652 verum
390 1612 585 1663 essecomparior,
604 1598 678 1666 quod
697 1598 835 1666 quosdam
853 1597 924 1651 bene
939 1597 1079 1651 1111618108

59 1669 189 1724 homines
208 1669 300 1724 dicere
320 1670 427 1735 audivi,
446 1669 495 1737 qui
514 1669 662 1738 plerasque
678 1668 773 1722 Plauti
793 1669 952 1722 comoedias
971 1669 1080 1721 curiose

60 1743 147 1808 atque
166 1742 297 1794 contente
315 1741 488 1807 lectitarunt,
507 1767 553 1794 non
566 1755 717 1794 1111111111-
732 1755 806 1794 Plauti
819 1755 883 1804 foret,
901 1756 993 1807 neque
1008 1738 1080 1792 alius

60 1813 212 1880 quisquam
232 1829 287 1865 non
306 1811 468 1880 infrequens
488 1812 582 1865 Plauti
603 1812 691 1865 lector
714 1811 899 1877 dubitaverit,
924 1811 947 1864 si
966 1810 1010 1864 vel
1028 1811 1079 1864 hos

60 1883 136 1938 solos
156 1899 190 1936 ex
209 1900 243 1938 11
260 1883 359 1936 fabula
378 1901 471 1936 versus
491 1883 660 1952 cognoverit,
681 1879 730 1950 qui
749 1882 883 1950 quoniam
901 1883 975 1948 sunt,
993 1882 1026 1934 ut
1045 1881 1080 1935 de

59 1954 139 2008 illius
157 1953 253 2007 Plauti
271 1971 347 2008 more
367 1954 472 2020 dicam,
491 1954 709 2019 Plautinissimi,
738 1957 886 2023 propterea
905 1955 934 2006 et
952 1952 1079 2007 memini-

60 2043 123 2079 mus
152 2042 199 2079 eos
228 2028 257 2079 11
284 2026 471 2094 ascripsimus.
522 2026 663 2094 parasitus
691 2025 732 2078 ibi
761 2026 885 2079 esuriens
912 2025 982 2078 hacc
1011 2024 1081 2077 dicit

61 2097 175 2221 EPlcati
188 2101 276 2151 Bocct.
295 2099 331 2164 fr.
348 2103 363 2151 1
373 2097 407 2150 L.
432 2098 526 2166 Aqall.
541 2115 564 2150 1.
581 2102 638 2166 leq.
660 2097 780 2167 Ribb.³]:
808 2098 851 2149 ‘ut
869 2096 950 2149 illum
971 2095 1000 2148 di
1018 2111 1080 2164 per·

81 2170 145 2234 ant,
167 2168 274 2236 primus
297 2169 346 2236 qui
365 2169 448 2222 horas
466 2167 599 2237 repperit,
613 2169 624 2233 l
636 2170 740 2236 quique
760 2169 830 2222 adeo
853 2167 959 2236 primus
979 2166 1081 2220 statuit

60 2240 109 2292 hic
133 2238 279 2304 solarium
291 2240 305 2311 s
317 2240 366 2307 qui
384 2240 454 2292 mihi
473 2240 639 2293 comminuit
657 2240 759 2293 misero
783 2239 955 2292 articulatim
974 2237 1056 2291 diem.
1070 2237 1084 2308 f

60 2329 128 2364 nam
148 2310 278 2382 (unum)
301 2327 347 2363 me
366 2327 452 2380 puero
472 2313 568 2364 venter
587 2312 648 2364 erat
667 2310 797 2364 solarium
816 2313 829 2379 s
846 2309 935 2363 multo
955 2308 1080 2362 omnium

60 2383 180 2436 istorum
205 2381 344 2450 optimum
368 2385 397 2435 et
419 2380 629 2452 verissimuml
640 2382 731 2435 ubivis
756 2381 817 2452 [ubi
836 2381 889 2434 iste
908 2381 997 2450 codd]
1021 2397 1080 2432 mo-

60 2453 150 2507 nebat
174 2470 247 2519 esse,
273 2453 328 2506 nisi
353 2471 416 2506 cum
440 2453 512 2506 nihil
535 2453 630 2524 erutf
641 2470 715 2506 nunc
739 2453 826 2506 etiam
845 2452 920 2520 quod
945 2453 1000 2515 est,
1024 2467 1080 2503 non

61 2527 148 2589 estur,
167 2524 222 2577 nisi
241 2524 295 2578 soli
312 2524 395 2590 libet,
408 2525 422 2595 s
432 2525 529 2593 itaque
549 2525 619 2578 adeo
638 2525 696 2577 iam
715 2524 860 2592 oppletum
884 2525 927 2576 est
945 2521 1081 2591 oppidum

61 2595 183 2662 solariis,
198 2596 211 2666 s
229 2595 319 2649 maior
341 2612 406 2664 pars
429 2596 529 2664 populi
553 2595 626 2649 aridi
648 2596 762 2664 reptant
786 2594 882 2647 fame'.
928 2592 1080 2646 Favorinus

60 2683 174 2736 quoque
199 2669 306 2732 noster,
333 2685 397 2720 cum
420 2665 615 2720 Nervulariam
634 2665 728 2719 Plauti
751 2666 886 2736 legerem,
912 2680 985 2733 quae
1007 2664 1081 2718 inter

60 2739 185 2792 incertas
208 2737 306 2791 habita
330 2740 383 2806 est,
410 2740 438 2791 11
461 2737 586 2791 audisset
605 2755 638 2790 ex
657 2754 691 2792 ea
710 2737 855 2791 comoedia
877 2753 987 2790 versum
1006 2736 1081 2789 hunc

60 2811 111 2933 ptr.
124 2813 141 2863 7
151 2809 197 2880 L.]
223 2810 364 2874 ‘scrattaa
384 2810 545 2878 scrupedae,
565 2807 737 2863 strittivillae
753 2808 905 2872 sordidae',
925 2806 1080 2861 delectatus

74 2882 157 2934 aceto
180 2881 326 2934 verborum
350 2881 521 2948 antiquitate
544 2880 721 2934 meretricum
748 2879 817 2934 vitia
843 2882 926 2948 atque
950 2878 1080 2933 deformi·

60 2954 137 3006 tates
157 2951 390 3022 significantium:
411 2951 467 3005 ‘vel
480 2970 552 3005 unus
566 2951 671 3005 hercle'
692 2951 785 3020 inquit
805 2951 862 3005 ‘hic
877 2967 971 3004 versus
985 2949 1080 3003 Plauti

60 3039 125 3077 1111
143 3023 216 3076 hanc
234 3023 361 3076 fabulam
380 3023 448 3076 satis
467 3025 561 3092 potest
580 3022 646 3076 fidei
664 3023 785 3077 fecisse'.
823 3039 872 3076 nos
894 3038 1005 3090 quoque
1023 3021 1081 3090 ipsi

60 3093 236 3162 nuperrime,
263 3111 326 3148 cum
349 3093 504 3164 legeremus
529 3095 641 3148 Fretum
665 3096 775 3163 (nomen
799 3093 889 3147 estid
910 3092 1081 3159 comoediae,

61 3181 149 3234 quam
167 3164 263 3218 Plauti
281 3181 341 3219 esse
360 3165 475 3234 quidam
493 3182 550 3219 non
567 3167 688 3234 putant),
707 3165 778 3218 haut
797 3165 949 3232 quicquam
968 3163 1081 3217 dubita·

61 3236 168 3304 vimus,
192 3236 260 3304 quin
284 3254 316 3290 11
335 3236 429 3291 Plauti
448 3236 521 3290 foret
549 3241 578 3290 et
596 3236 722 3290 omnium
749 3235 864 3304 quidem
887 3235 1007 3288 maxime
1032 3252 1081 3303 ge-

61 3308 159 3361 nuina.
184 3323 218 3361 ex
236 3325 292 3376 qua
311 3308 365 3361 duo
385 3308 435 3362 hos
453 3325 548 3361 versus
568 3308 760 3376 excripsimus,
779 3309 811 3360 ut
828 3306 983 3360 historiam
998 3322 1085 3371 quaa-

61 3395 187 3433 reremus
197 3378 304 3432 oraculi
310 3379 434 3434 Arretini
444 3379 584 3454 [fh⁴.1L.]:
595 3380 685 3436 ‘nunc
693 3379 772 3434 illud
780 3382 836 3446 est,
844 3377 1113 3447 aquasmaquam

55 3449 153 3501 Arreti
165 3449 306 3518 [Arretini
321 3469 344 3506 r.
365 3449 469 3582 coddq)
479 3454 558 3510 ludis
579 3455 698 3530 magnis
719 3453 846 3510 diuisit:
864 3451 868 3524 Ι
884 3446 1009 3518 parius,
1022 3440 1054 3489 s'i
1065 3450 1135 3486 nan

44 3517 151 3580 fecere,
179 3519 208 3570 si
227 3518 320 3588 fanu,
339 3525 448 3595 vapula
471 3529 513 3587 θ’,
559 3533 728 3590 1111111111
745 3545 831 3586 uma
847 3540 881 3580 m
894 3535 965 3576 uuio
984 3544 1013 3553 -
1035 3513 1158 3559 ffiffi
