2400 3824
336 173 397 229 Sex.
417 171 531 228 Ennius.
569 171 712 229 Cornelius
732 172 873 242 Epicadus
1053 171 1117 237 103

93 331 138 388 bic
160 334 278 400 fortasse
299 334 479 403 veriloquium
497 335 591 389 Euuii
608 339 705 404 poetae
728 333 805 387 latet:
829 339 897 387 certe
920 335 1036 387 alterum
1055 334 1116 386 Eu-

93 406 175 459 uium
202 423 220 459 a
250 405 375 461 odorisio
403 406 458 460 siue
486 406 612 460 Rourauo
640 410 684 474 (cre
709 403 838 473 ertator)
867 405 1027 460 deuotaium
1054 421 1117 469 esse,

93 477 362 603 mchungrpHspecieu
380 478 437 532 reri
459 495 516 532 mou
534 478 620 532 babet.
658 477 693 543 cf.
715 477 832 542 Vallem,
855 477 948 544 praef.
968 476 1006 529 ad
1025 474 1118 530 Eum²

87 566 121 618 p.
281 590 287 602 .

167 642 183 690 2
203 639 232 690 st
251 653 266 690 c
285 637 349 692 add.
365 654 420 692 cuc.
436 637 529 692 Paris.
602 653 739 692 merorem
757 637 847 706 Neap.

292 986 613 1072 CORNELIUS
645 986 919 1075 EPIOADUS

440 1173 488 1260 r..
502 1172 772 1242 TESTIMONIA

90 1279 206 1335 VITAE

71 1450 76 1459 ,
166 1393 190 1441 1.
212 1386 372 1442 ‘Cornelius
394 1386 555 1455 Epicadus’
580 1386 653 1442 Suet.
678 1392 703 1441 et
729 1388 847 1453 Victor.‚·
870 1389 1004 1456 ceteroqui
1029 1389 1115 1458 ‘Epi-

90 1459 200 1514 eadus’.
235 1459 391 1514 Ooruelium
409 1459 530 1527 Illyrica
543 1459 648 1528 oriqiue
661 1458 748 1524 fuisse
761 1475 795 1512 ea
808 1459 965 1530 coqucmiue
978 1461 1117 1530 suspicari

88 1547 239 1600 possumus
257 1529 390 1599 (Sedulus,
409 1530 473 1583 Lat.
489 1530 531 1583 Ei
548 1547 609 1583 eure.
620 1547 650 1599 p.
668 1533 720 1584 131
735 1531 800 1583 adu.
817 1532 851 1598 1).

165 1605 192 1656 2.
212 1601 284 1656 Suet.
300 1599 333 1656 de
345 1617 459 1671 qramm.
476 1604 511 1656 12
526 1547 668 1654 gomedus
684 1600 825 1671 Epicadus
839 1601 869 1655 L.
885 1600 1006 1656 Cornelii
1021 1601 1115 1657 Sullae

92 1672 242 1727 dictatoris
260 1671 377 1726 libertus
393 1671 555 1739 calatorqua
569 1671 599 1725 in
614 1672 771 1726 sacerdotio
786 1673 916 1742 augurali
930 1672 989 1727 filio
1004 1690 1115 1743 quoque

91 1745 153 1799 cius
168 1744 272 1797 Fausto
292 1743 468 1813 gratissimus
487 1742 555 1811 iuit3
574 1760 660 1812 quare
678 1760 832 1813 numquam
851 1761 907 1798 non
924 1744 1071 1812 utriusque
1086 1762 1115 1799 se

91 1815 227 1869 libertum
247 1814 344 1868 edidit.

165 1890 191 1942 3.
211 1887 244 1941 de
254 1886 375 1942 Caruilii
388 1885 538 1956 disciplima
552 1886 587 1952 cf.
601 1903 689 1955 supra
699 1887 743 1941 De
756 1886 813 1940 lud.
828 1888 879 1941 litt.
909 1887 941 1943 de
956 1887 1114 1943 bibliotheca

91 1959 213 2014 Sullaua
231 1959 295 2012 item
314 1959 358 2012 De
376 1957 496 2011 biblioth.
516 1963 572 2012 test.
588 1961 614 2011 3.

165 2035 190 2084 4.
210 2030 314 2084 Aruob.
335 2034 360 2094 1,
375 2032 411 2082 59
444 2030 494 2081 aut
520 2028 609 2098 igitur
635 2028 714 2082 nulla
742 2031 784 2082 est
811 2028 895 2098 culpa
922 2027 1115 2084 indifferenter

91 2101 137 2155 his
166 2101 322 2171 [peceribus
343 2100 498 2170 momiuum]
526 2100 570 2152 uti
597 2102 626 2153 et
650 2099 754 2154 frustm
782 2117 832 2154 nos
861 2100 956 2154 dicitis
984 2101 1114 2156 soloecis-

90 2189 202 2226 morum
221 2171 395 2226 obscenitate
415 2169 562 2238 deformss,
582 2173 631 2224 aut
650 2171 675 2225 si
693 2175 800 2226 certum
818 2173 859 2225 est
879 2171 991 2242 singula
1011 2174 1113 2241 quibus

91 2244 216 2298 debeant
233 2242 390 2297 rationibus
410 2241 553 2310 explicari,
571 2243 601 2296 in
621 2243 760 2297 similibus
775 2242 851 2297 vitiis
865 2260 914 2297 vos
929 2260 1040 2312 quoque
1054 2262 1114 2298 ver·

92 2315 209 2381 samini,
237 2313 365 2438 qumvis
388 2313 529 2383 Epicados
552 2331 660 2382 omnes,
689 2313 840 2369 Caesellios
858 2313 970 2369 Verrios
996 2315 1113 2370 Scauros

91 2385 214 2441 teneatis
234 2388 263 2439 et
308 2386 372 2439 isos.

164 2481 181 2529 6
201 2474 310 2544 epicam
329 2475 409 2529 deos:
428 2492 475 2530 em.
494 2475 624 2531 Gelenius
696 2491 840 2530 ascauros:
859 2492 907 2530 em.
924 2475 1046 2532 Sabaeas

90 2615 325 2673 SCRIPTORUM

165 2719 191 2770 5.
211 2715 283 2770 Suet.
299 2716 332 2769 de
347 2732 460 2786 qramm.
477 2719 513 2770 12
531 2715 675 2771 Cornelius
690 2715 832 2784 Epicadus
846 2747 882 2756 -
896 2715 1008 2784 librum,
1028 2734 1112 2787 quem

89 2786 171 2842 Sulla
190 2787 372 2841 novissimum
390 2787 430 2840 de
448 2787 548 2840 rebus
568 2787 638 2840 suis
657 2786 854 2855 imperfectum
870 2787 1030 2858 reliquerat,
1050 2789 1111 2859 ipse

88 2858 509 2985 ⁸uplip¹1⁰vifi'0{'{;ps1}²ii'118ull'
530 2863 567 2912 37
589 2866 614 2914 et
637 2859 669 2913 de
686 2860 736 2913 boc
754 2860 811 2914 loco
829 2861 923 2926 Peter,
948 2861 1010 2916 bist.
1031 2862 1111 2916 Rom.

86 2949 117 2985 w
165 3007 191 3055 6.
207 2947 244 3056 bb
263 3002 387 3056 Macrob.
409 3007 434 3067 1,
449 3006 496 3066 11,
510 3005 546 3055 47
570 3003 654 3070 (nunc
678 3002 712 3054 de
732 3001 905 3071 sigillaribus
920 3035 953 3042 —
968 3003 1110 3072 Epicadus

85 3074 177 3128 refert
196 3089 217 3126 e.
232 3091 255 3142 q.
271 3090 309 3138 s.;
326 3074 360 3139 cf.
376 3074 459 3127 etiam
472 3072 545 3126 Sero.
561 3074 638 3128 Dari.
654 3074 723 3127 Asu.
740 3079 765 3139 1,
780 3078 834 3128 649
853 3073 941 3128 Varro
955 3074 998 3128 ita
1011 3075 1110 3130 refert:

89 3179 125 3186 -
144 3144 186 3198 ait
200 3175 234 3184 —
250 3160 309 3197 esse
324 3143 436 3198 arbores
451 3175 485 3184 -
499 3144 640 3211 Epicadus
655 3145 685 3197 in
700 3144 797 3198 Sicilia
811 3162 832 3198 c.
847 3163 870 3214 q.
885 3148 917 3214 s.)
937 3147 1024 3212 Peter,
1043 3147 1110 3201 ibid.

84 3218 155 3272 adu.
173 3221 189 3270 1
207 3216 308 3270 couicit
321 3216 481 3284 Epicadum
500 3217 601 3270 librum
619 3217 656 3270 dc
674 3217 945 3285 antiquitatibus
962 3219 1109 3287 scripsisse.

84 3289 163 3360 quod
189 3293 281 3342 autem
305 3288 354 3341 loe
379 3303 448 3356 opus
471 3294 556 3356 putat
583 3305 640 3342 mou
665 3289 745 3342 aliud
770 3304 823 3341 esse
848 3304 881 3342 ac
905 3291 1111 3344 commentarios

86 3361 117 3415 O.
130 3359 237 3428 Epidii
250 3359 295 3426 (=
305 3358 439 3427 Epicadi)
453 3376 471 3411 a
485 3359 566 3412 Pliu.
580 3377 607 3413 m.
619 3360 643 3412 la
661 3364 704 3425 17,
713 3362 768 3412 243
788 3360 887 3413 edutos
901 3359 964 3428 (Ra.
977 3361 1053 3414 Mus.
1063 3364 1109 3414 22.

84 3435 166 3488 1867
180 3447 211 3498 p.
228 3431 291 3498 153)
310 3428 447 3484 audacius
466 3436 511 3484 est.
544 3432 677 3500 ceteroqui
703 3431 739 3499 cf.
759 3430 796 3498 fr.
811 3434 838 3485 3.
1117 3497 1136 3509 ..

164 3501 266 3555 7116νέ
303 3502 462 3556 rammatici
480 3503 559 3572 iufra
583 3510 786 3562 melioraretur.
820 3505 856 3562 de
877 3503 1012 3561 Carmelio
1031 3502 1145 3554 uuas

73 3577 226 3635 ruterprele
250 3518 305 3634 cl
305 3571 385 3636 iufra
395 3578 512 3642 12105,
