2400 3824
344 185 374 239 L.
394 185 495 238 Varius
514 186 612 241 Rufus.
649 186 823 240 Numitorius
1028 186 1094 275 573

573 359 592 414 4

147 455 249 536 ‘quam
267 461 341 519 mihi
361 481 427 520 cum
446 461 561 522 dederis
582 457 784 521 cumulatam’.
825 481 916 536 quam
934 462 1093 520 lectionem

77 551 178 608 Tucca
197 553 227 608 et
245 549 355 609 Varius
373 552 511 626 probant
534 570 603 609 nam
622 551 700 610 male
720 549 843 626 quidam
863 551 968 628 legunt
992 545 1094 626 ‘quam

77 639 154 697 mihi
177 658 243 697 cum
267 635 392 698 dederit'
419 640 450 698 id
473 645 519 700 est
541 641 664 700 Aeneas.

149 738 220 792 Seii).
241 740 310 791 Atii.
331 743 357 803 4,
370 743 425 793 436
443 765 510 801 quam
523 754 580 793 mibi
594 765 644 792 cum
658 753 745 793 dederis
758 771 785 777 -
799 750 894 793 Aeneas.

573 890 591 948 5

146 995 297 1055 sciendum
325 1015 395 1055 sane
419 997 547 1055 Tuccam
571 1000 600 1055 et
623 997 747 1054 Varium
776 995 854 1054 hunc
882 995 971 1054 finem
994 997 1094 1070 quinti

78 1104 141 1144 esse
170 1084 309 1162 voluisse,
337 1105 408 1144 nam
431 1105 449 1144 a
472 1086 607 1163 Vergilio
632 1085 689 1144 duo
713 1103 816 1144 versus
845 1088 1001 1160 sequentes
1024 1085 1094 1142 huic

79 1176 176 1232 iuncti
197 1174 330 1249 fuerunt3
353 1175 431 1238 uude
449 1176 481 1232 in
500 1194 559 1233 non
582 1175 673 1233 nullis
694 1175 825 1249 antiquis
845 1173 994 1232 codicibus
1018 1175 1095 1232 sexti

78 1264 200 1322 initium
224 1267 281 1322 est:
310 1258 483 1323 ‘obvertunt
504 1265 611 1341 pelago
636 1282 748 1339 proras,
776 1266 840 1321 tum
864 1263 952 1320 dente
974 1257 1093 1322 tenaci’.

149 1362 221 1416 Seru.
241 1363 311 1416 Aeo.
331 1365 358 1427 5,
375 1367 428 1417 871
447 1377 561 1417 sciendum
574 1395 601 1401 -
615 1377 694 1416 tenaci.
731 1363 766 1428 cf.
786 1363 917 1430 Pompeii.
942 1361 1037 1416 Sabin.
1056 1361 1095 1414 uri

78 1435 147 1486 Aere.
160 1438 209 1499 6,1
224 1434 316 1502 (Corn.
327 1435 409 1488 Boio.
420 1436 455 1501 fr.
465 1437 492 1499 5)
503 1441 528 1488 et
541 1435 573 1488 de
587 1450 616 1488 ee
627 1434 753 1499 Ribbeck,
765 1435 867 1503 proleg.
878 1433 915 1486 ud
927 1433 1003 1502 Vero.
1009 1450 1040 1501 p.
1048 1437 1092 1487 28.

574 1587 594 1643 6

93 1685 97 1690 ’
148 1685 233 1748 ‘furit
255 1693 337 1748 intus
362 1692 453 1765 aquai
475 1686 618 1749 fumidus’
639 1723 689 1748 -.
722 1691 799 1749 hanc
823 1693 923 1749 autem
946 1691 1094 1750 diaeresin

77 1780 176 1838 Tucca
206 1783 236 1837 et
263 1780 372 1838 Varius
403 1780 550 1853 fecerunt,
582 1799 652 1838 nam
677 1780 830 1856 Vergilius
861 1779 903 1839 sic
932 1780 1094 1854 reliquerat

80 1863 166 1927 ‘furit
184 1870 266 1928 intus
286 1887 380 1944 aquae
400 1864 506 1928 amnis’
527 1872 556 1927 et
580 1863 674 1947 [465]
700 1865 855 1927 ‘exuberat
873 1863 991 1941 amnis',
1014 1869 1094 1944 quod

78 1959 152 2017 satis
176 1976 314 2034 asperum
336 1959 403 2016 fuit.

150 2057 223 2111 Serv.
242 2057 311 2110 Aen.
332 2060 357 2122 7,
372 2061 426 2110 464
444 2071 539 2110 furit-
552 2071 650 2110 humidus
664 2089 696 2110 -.
724 2072 824 2109 hanc-
839 2082 940 2118 asperum
954 2070 1003 2110 ruis.

145 2206 288 2266 praeterea
306 2200 341 2265 cf.
361 2199 435 2253 Seru.
454 2200 523 2252 Aee.
543 2203 569 2265 3,
587 2203 651 2254 204.
672 2203 697 2264 6,
716 2203 771 2253 289

424 2510 754 2598 NUMITORIUS

151 2714 222 2768 Suet.
237 2717 284 2768 vit.
301 2716 377 2786 Verg.
393 2716 474 2769 6513.
493 2713 612 2784 prolatis
631 2713 765 2768 bucolicis
782 2713 958 2767 Numitorius
977 2712 1093 2780 quidam

78 2785 223 2853 rescripsit
248 2785 450 2853 antibucolica‚
477 2786 547 2839 duas
572 2785 656 2839 modo
682 2785 807 2854 eclogas,
833 2785 883 2837 sed
907 2783 1093 2837 insulsissime

79 2855 256 2928 παρῳδήσας,
275 2874 394 2924 quarum
410 2857 512 2928 prioris
531 2857 645 2910 initium
664 2858 718 2910 est:
746 2856 863 2924 ‘Tityre
883 2856 906 2908 si
925 2857 993 2926 toga
1012 2855 1094 2909 calda

78 2927 133 2980 tibi
155 2930 212 2998 >est,
239 2932 294 2995 quo
320 2928 446 2999 tegmina
472 2928 560 2997 fagi?
588 2928 741 2996 sequentis:
770 2928 827 2980 ‘dic
849 2927 928 2995 mihi,
947 2927 1092 2992 Damoeta,

80 2999 173 3052 cuium
192 3015 286 3067 pecus,
307 3016 379 3054 anne
398 3001 547 3054 Latinum?
563 2999 577 3071 i
593 3016 661 3065 non;
680 3015 776 3053 verum
794 2998 916 3068 Aegonis
939 2997 1028 3052 nostri
1053 2998 1120 3054 sicu

78 3085 142 3123 rure
160 3069 310 3124 locuntur'.
345 3071 416 3124 alius
434 3071 571 3124 recitante
591 3088 622 3125 eo
642 3086 675 3122 cx
694 3070 832 3140 georgicis
851 3070 889 3142 [1‚
900 3070 968 3141 299]
989 3070 1092 3122 ‘nudus

80 3157 137 3208 ara,
157 3157 216 3196 sere
235 3143 337 3195 nudus'
358 3143 490 3196 subiecit:
512 3141 639 3196 ‘habebis
657 3142 761 3210 frigore
779 3141 907 3194 febrem'.

152 3254 166 3301 1
187 3248 370 3314 numinatoris
390 3251 473 3304 Beroe.
488 3267 523 3302 m.
537 3253 556 3302 2
574 3248 738 3302 nuinatorus
753 3250 794 3302 uel
811 3248 1008 3302 numinatoriis
1022 3249 1094 3303 reli..-

79 3337 126 3374 em.
147 3321 265 3374 Ribbeck
288 3321 427 3388 Woelfflin
446 3320 547 3391 Hagen
564 3320 756 3374 innominatus
775 3320 881 3374 Daniel

151 3455 223 3506 iuter
241 3454 357 3523 Vergilii
375 3456 561 3509 obtrectatores
581 3454 744 3520 Cornificius
758 3455 866 3508 Bauius
880 3454 989 3508 Meuius
1003 3453 1093 3507 Auser

75 3531 173 3609 ponae
190 3525 451 3592 eumeneticam,
474 3542 507 3580 ex
526 3542 640 3608 quercui
659 3526 760 3579 circuio
783 3541 875 3606 uncus
893 3525 925 3578 iu
944 3525 1093 3647 Vergilium

75 3597 195 3664 prodiet:
222 3595 330 3650 Gledoii.
352 3615 382 3666 p.
402 3600 479 3662 43,2
511 3595 673 3651 Cornificrus
700 3595 796 3650 Gallus
821 3596 888 3650 mdc
912 3610 992 3664 repre
1014 3595 1093 3649 endrt
