2400 3824
63 163 127 228 166
213 161 419 216 Grammatioae
439 161 540 216 aetatis
560 161 750 215 varronianae
768 160 927 231 fragmenta

60 322 229 389 scribebant,
244 325 276 376 ut
293 323 369 376 aulai
384 322 483 375 Musai.
517 324 551 390 cf.
571 323 628 377 Ter.
644 321 740 376 Scaur.
753 339 781 391 p.
797 326 895 387 24,10.
929 321 1076 389 Papiriou.

60 412 104 465 ap.
125 395 246 450 Cassiod.
267 396 333 449 ortt.
350 412 379 464 p.
401 399 518 460 158,10.

132 489 146 536 1
166 485 279 551 terrun
298 484 375 539 codd.
409 483 495 537 terrai
513 501 554 553 oy.

503 619 545 675 12
584 618 625 674 38

128 724 146 782 l.
172 724 293 783 XXIV.
340 724 386 780 mi
411 725 470 798 qui
493 611 682 782 scrilrit]in
706 740 790 780 casu
818 720 1079 798 interrogandi,

59 813 160 900 velut
174 831 250 872 cum
264 812 416 871 dicimus
430 813 478 870 mi
497 811 694 886 studiosus,
713 830 775 887 per
789 811 800 868 i
813 830 919 868 unum
933 809 1080 882 scribat,

60 921 128 961 non
151 922 213 979 per
232 922 263 976 ος
288 904 324 960 at
347 920 423 960 cum
445 904 529 976 mei,
551 904 626 959 tum
648 901 798 976 pereat
820 899 832 957 i
855 898 1080 958 scribendum

60 994 127 1067 est,
151 992 237 1066 quia
260 991 368 1050 dandi
392 1009 494 1050 casus
519 993 579 1050 est.

60 1161 113 1214 bd
134 1089 288 1215 Genpdbid'
308 1089 389 1143 item:
409 1103 440 1143 mr
455 1104 604 1152 qur-ossus
618 1106 656 1143 at.
689 1089 722 1142 de
740 1088 833 1143 datico
853 1087 931 1142 ‘mci’
952 1087 987 1153 cf.
1007 1085 1080 1141 Swo-

77 1177 132 1216 oo
146 1178 176 1230 p.
230 1203 235 1213 .

133 1255 146 1302 1
162 1255 217 1304 ote
236 1248 292 1302 moi
311 1251 352 1304 ool
370 1249 437 1303 miei
456 1250 547 1304 codd„-
565 1249 599 1315 of.
620 1249 776 1314 Buecheler,
794 1247 858 1303 Lot.
878 1247 943 1302 dccl.
958 1263 988 1314 p.
1011 1245 1082 1301 112²

62 1326 76 1372 2
97 1319 230 1374 studiosis
246 1322 338 1375 Poris
356 1323 428 1376 Voss.
444 1322 508 1375 Lot.
519 1322 551 1375 F
564 1325 580 1374 7
664 1325 679 1372 3
699 1320 829 1374 aolidem
842 1319 929 1384 codd,
944 1319 1080 1389 Mapliot.

63 1392 159 1462 Rspice.
176 1397 230 1446 597
248 1411 282 1446 m.
299 1398 315 1447 1
404 1391 471 1445 miei
496 1393 568 1446 Voss.
589 1393 653 1446 Lat.
664 1392 724 1445 Fr

501 1527 542 1583 13
583 1528 624 1583 40

129 1634 147 1690 l.
173 1633 273 1691 XXV.
330 1633 481 1706 uixurit,
515 1519 579 1706 qui[
606 1519 677 1689 idei
709 1631 789 1690 vult
816 1633 850 1689 et
881 1629 918 1688 in
950 1631 1082 1688 conatu

62 1724 206 1797 saepius
230 1722 355 1797 aliqua
377 1740 413 1779 re
436 1721 663 1796 perpellitur.

134 1822 209 1876 Nou.
220 1839 250 1890 p.
267 1825 327 1886 144,
339 1825 375 1874 18
393 1818 527 1885 nimrim,
541 1818 596 1872 niti
609 1818 689 1872 velle.
718 1817 851 1888 Nigidius
866 1815 1082 1871 commentario-

62 1909 124 1945 rum
139 1891 387 1962 grammatioorum
401 1890 486 1944 XXV:
505 1905 628 1944 nixum-
637 1905 773 1953 perpolitus
792 1890 827 1956 cf.
842 1889 923 1944 CGL
933 1889 1082 1954 V644,58.

136 2004 149 2052 1
165 2001 269 2052 nurust
283 2016 312 2051 re
323 1999 414 2068 Lupd.
483 1997 512 2051 in
528 1999 644 2051 conatu
655 1997 746 2068 Laud.
757 2015 791 2050 ru.
803 2001 819 2050 1
905 2000 920 2048 2
935 1993 1084 2064 repellitur

66 2070 185 2140 Modoip
221 2070 404 2140 praepeditur
423 2069 574 2124 LMueller

503 2223 544 2278 14
568 2213 639 2298 [42]

133 2327 150 2384 l.
168 2327 289 2384 XXIX.
328 2345 435 2385 avarus
454 2346 514 2386 non
532 2327 658 2401 simplex
680 2325 858 2384 vocabulum
876 2323 927 2382 sed
948 2324 1083 2381 iunctum

66 2415 297 2492 copulatumque
325 2433 388 2474 esse
415 2415 447 2473 P.
471 2414 611 2492 Nigidius
641 2413 715 2473 dicit
743 2416 775 2472 in
804 2415 1082 2472 commentariorum

63 2505 299 2564 undetricesimo.
361 2523 491 2564 avarus
525 2505 617 2562 enim
648 2503 747 2578 inquit
782 2502 991 2578 appellatur
1023 2501 1082 2576 qui

66 2593 192 2653 avidus
217 2595 311 2653 aeris
335 2598 396 2654 est.
439 2593 497 2652 sed
521 2593 557 2650 in
581 2611 619 2650 ea
643 2593 771 2668 copula
795 2609 810 2648 e
833 2591 961 2649 littere
984 2589 1083 2666 inquit

66 2682 203 2742 detrita
228 2687 288 2742 est.

135 2782 202 2836 Geli.
212 2787 254 2848 10,
260 2787 307 2848 5,1
317 2795 507 2836 avarus-deuna
514 2798 552 2834 est.
571 2781 606 2847 cf.
618 2779 838 2846 Gloss.1leiff.21
850 2779 913 2847 (Re.
920 2777 997 2832 Mos.
1004 2779 1081 2844 16,7).

66 2854 140 2907 Nou.
156 2871 186 2923 p.
202 2858 263 2920 442,
274 2859 299 2907 9.
336 2853 405 2907 Isid.
425 2869 462 2906 or.
480 2857 521 2918 10,
532 2857 557 2905 9.
590 2851 651 2918 diff.
670 2851 740 2906 cert.
755 2856 779 2904 4.
814 2850 896 2906 OGL
908 2850 958 2904 IV
968 2853 1030 2914 311,
1040 2851 1082 2903 51.

138 2966 153 3012 2
173 2959 215 3031 P.]
231 2978 250 3029 p
265 2960 356 3013 Poris.
368 2976 418 3012 orn.
429 2959 486 3013 rell.
560 2964 576 3010 3
594 2957 754 3026 appellatus
771 2955 1084 3027 Mapiiab.1lepira59l

513 3110 554 3168 15
593 3112 635 3166 44

133 3219 151 3274 l.
177 3217 299 3274 XXIX.
356 3217 534 3292 locupletem
567 3103 679 3274 diotdm
712 3215 755 3272 ait
792 3209 838 3292 [P.
861 3207 1016 3292 leidr'us]
1049 3231 1084 3270 ex

67 3306 230 3382 conpositis
254 3306 384 3380 vocibus
413 3307 465 3381 qui
488 3306 630 3380 pleraque
653 3305 728 3378 loca,
755 3304 811 3362 hoc
830 3306 875 3362 est
898 3303 951 3378 qui
973 3301 1083 3360 multus

47 3396 261 3466 possessiones
285 3398 408 3456 teneret.

115 3492 187 3548 Gell.
211 3497 320 3555 obed?
348 3498 423 3554 item
449 3509 736 3563 locupletem-unone.
768 3491 805 3557 of.
822 3489 969 3544 (lictore
984 3491 1094 3553 punt

56 3561 168 3618 ’ΝΜ
188 3585 220 3637 p,
239 3574 352 3641 rasta,
389 3573 469 3630 Iao.
484 3591 529 3630 or.
549 3576 595 3639 10,
607 3571 684 3639 156).
719 3562 804 3620 oee-
817 3560 1000 3626 fae-5381·
1026 3553 1115 3607 Pul-
