2400 3824
139 152 204 217 350
286 152 490 207 Grammaticos
510 153 611 206 aetatis
631 152 821 206 varronianae
840 153 1001 229 fragmenta

608 325 675 383 392

203 429 392 488 Interamnae
412 432 443 489 et
455 429 622 488 Antemnae
641 431 738 489 diotae
758 433 835 506 sunt,
855 431 934 507 quod
951 431 1033 490 inter
1052 449 1154 490 amnes

137 518 198 577 sint
220 521 335 595 positae
358 520 407 579 vel
431 521 499 578 ante
523 538 553 578 se
576 520 706 578 habeant
729 538 838 579 amnes

209 619 291 673 Paci.
306 618 380 673 Fest.
392 635 421 686 p.
436 623 481 685 17,
496 623 513 673 6
529 634 654 672 amneses
674 618 854 688 appellantur
871 619 954 674 urbes
973 619 1047 672 sitae
1066 634 1154 688 prope

137 704 256 756 amnem,
275 692 307 742 ut
326 707 343 742 a
360 689 432 743 mari
451 689 619 744 maritimae.
651 691 726 743 unde
744 705 885 745 Interamnae
900 723 932 730 —
948 716 1031 745 amnas.
1066 690 1154 745 Varro

136 761 169 814 dc
187 762 204 815 l.
220 762 253 815 L.
275 765 301 828 5,
314 765 354 815 28
379 761 515 842 oppidum
539 761 698 816 interamna
722 761 841 828 dictum,
870 763 945 830 quod
968 761 1153 815 interamnis

136 834 180 885 est
199 831 397 900 constitutum
421 834 489 887 1tem
507 833 676 900 Antemnae,
701 834 776 901 quod
795 837 861 888 ante
880 833 983 900 amnis,
1004 849 1063 902 qua
1082 833 1153 887 Anio

136 903 369 1030 9114311101..-
393 922 440 959 cm.
466 905 544 974 Lsp.
564 911 589 960 et
611 905 725 976 Bocota]
748 904 843 959 influit
865 905 895 958 in
918 905 1053 959 Tiberim.
1092 908 1153 959 item

157 992 208 1029 cro.
257 992 298 1030 ca.
319 979 344 1041 7,
359 980 420 1030 631.
1169 976 1175 991 ’

608 1087 673 1143 393

202 1189 269 1248 vult
298 1189 409 1248 Varro'
425 1190 542 1250 Icarum
575 1190 679 1250 (treton
711 1191 754 1248 ibi
787 1185 832 1268 [to
855 1177 953 1249 Icario
981 1185 1077 1268 mart]
1110 1192 1151 1248 in·

128 1277 239 1337 terisse
258 1279 415 1357 naufragio
430 1283 460 1339 et
475 1280 510 1339 de
525 1281 608 1339 exitu
624 1281 752 1339 hominis
771 1281 936 1356 inpositum
954 1299 1064 1338 nomen
1079 1279 1152 1337 loco.

207 1377 293 1432 Solia.
312 1378 410 1433 collect.
426 1383 470 1445 11,
485 1384 521 1433 30
539 1395 588 1433 vuit
606 1395 673 1448 ergo
691 1393 764 1433 Varro
779 1394 883 1432 -1oeo.

208 1481 222 1528 1
243 1477 335 1530 cretae
352 1478 394 1530 oet
412 1478 515 1530 oretem
533 1478 662 1532 concutit
679 1477 755 1532 codd.

613 1613 678 1669 394

203 1715 299 1774 Varro
318 1716 439 1775 Latium
458 1716 516 1774 diei
539 1720 635 1792 putat,
659 1717 738 1792 quod
759 1718 834 1775 latet
852 1716 943 1775 Italia
965 1716 1047 1774 inter·
1069 1735 1152 1791 prae-

135 1806 240 1880 cipitia
262 1805 386 1882 Alpium
410 1808 441 1864 et
462 1805 621 1882 Apennini.

206 1903 278 1959 Sero.
298 1905 366 1957 Aen.
383 1908 410 1970 8,
425 1907 480 1958 322
498 1906 527 1958 et
541 1903 682 1974 Vergilius
701 1903 813 1957 Latium
832 1903 892 1956 vult
911 1901 976 1970 dici,
996 1903 1075 1972 quod
1095 1903 1152 1956 illic

135 1973 271 2028 Saturnus
294 1974 385 2029 latuit.
409 2007 445 2015 —
468 1990 540 2029 Varro
563 1977 658 2029 autom
676 1989 765 2028 Latium
779 2007 813 2014 -
827 1986 947 2037 Apennini.
976 1974 1097 2043 quidam
1115 1974 1152 2028 fe-

133 2048 200 2098 runt
225 2046 362 2100 aLatino
388 2046 495 2100 dictum
518 2046 642 2114 Latium,
669 2046 719 2100 alii
744 2047 837 2114 ipsum
860 2045 992 2099 Latinum
1019 2063 1037 2099 a
1062 2046 1151 2100 Latio.

134 2118 168 2183 cf.
188 2117 257 2171 lsid.
277 2135 315 2171 or.
336 2122 378 2184 14,
397 2123 423 2184 4,
441 2122 486 2173 18.
515 2122 602 2186 15,1,
622 2123 665 2173 50.
700 2117 781 2173 OGL
799 2119 849 2183 IV
863 2122 925 2184 449,
943 2122 987 2174 26.
1022 2117 1152 2186 Saufeius

133 2189 169 2255 fr.
185 2194 209 2241 1.
238 2190 318 2243 aliter
341 2189 430 2244 Varro
449 2190 481 2244 dc
500 2191 517 2244 t.
537 2191 570 2244 L.
592 2193 617 2257 5,
633 2193 676 2244 32.

207 2293 220 2338 1
241 2285 362 2354 praecip.
382 2287 483 2342 Hamb.
503 2289 654 2356 praerupta
671 2289 752 2342 multi
769 2287 846 2341 codd.

607 2421 673 2480 395

154 2615 165 2671 l
200 2526 281 2627 (biota
294 2525 399 2603 Libya,
415 2561 455 2567 —
471 2531 506 2586 ut
520 2527 616 2588 Vama
637 2530 688 2602 ait,
708 2527 794 2604 quasi
813 2530 927 2586 λιπιυια
945 2525 977 2586 id
997 2530 1043 2586 est
1064 2545 1150 2605 egens

133 2635 152 2690 p
166 2635 262 2674 uuae.

204 2713 278 2768 Sero.
297 2716 367 2768 Aea.
387 2720 413 2781 1,
426 2719 465 2771 22
482 2730 543 2770 usa
561 2718 656 2770 autem
674 2730 752 2781 mayn,
770 2715 815 2768 vel
833 2715 909 2784 quod
932 2714 999 2768 inde
1017 2713 1075 2768 libs
1094 2715 1149 2780 flat

133 2784 186 2838 hoc
211 2787 254 2839 est
280 2785 391 2852 africus,
417 2786 460 2840 vel
478 2805 504 2841 us
517 2802 590 2842 Varro
605 2820 637 2829 -
653 2803 748 2849 pluviae.
784 2790 848 2842 item
874 2786 959 2841 Sobel.
986 2789 1018 2840 ia
1043 2788 1149 2842 Lucae¹

134 2862 158 2923 1,
173 2861 236 2910 368.
269 2858 303 2924 cf.
324 2859 392 2912 Isia.
411 2876 449 2913 oc.
465 2863 508 2926 14,
523 2864 587 2926 4,1.
617 2863 682 2926 5,1.
715 2860 821 2929 Hypios.
840 2859 896 2926 sab.
914 2861 974 2912 149.

149 2978 154 2999 ι
206 2960 219 3005 1
240 2951 336 3008 tancia
355 2964 405 3009 τοῦ
424 2954 484 3010 ὕειν
502 2974 544 3027 vy.

604 3092 670 3148 396

200 3195 232 3251 in
254 3196 423 3254 universam
446 3196 624 3271 Hispaniam
647 3197 685 3254 M.
706 3196 802 3255 Varro
829 3198 999 3272 pervenisse
1023 3196 1151 3258 Hiberos

133 3286 163 3340 et
181 3282 285 3342 Persas
309 3285 339 3342 et
361 3283 525 3344 Phoenicas
545 3284 703 3361 celtasque
727 3288 757 3344 et
779 3285 893 3345 Poenos
916 3285 1027 3362 tradit3
1051 3287 1151 3348 lusum

133 3373 210 3431 enim
228 3371 330 3432 Liberi
347 3376 443 3448 patris
463 3378 516 3434 aut
537 3376 649 3450 lyssam
670 3393 737 3432 cum
758 3394 792 3433 eo
810 3375 1024 3434 bacchantium
1043 3395 1151 3437 nomen

122 3461 242 3524 dedisse
264 3461 444 3525 Lusitaniae
468 3466 499 3525 et
520 3463 606 3524 Pana
625 3465 809 3542 praefectum
834 3466 896 3523 eius
919 3465 1091 3526 universae.

184 3565 267 3621 Plt'n.
290 3587 318 3623 91.
339 3569 368 3624 ῘΙ.
390 3575 418 3640 3,
434 3575 455 3626 8
473 3586 500 3626 in
513 3584 647 3626 universam
661 3597 696 3606 -
709 3578 834 3618 innuente.
