2400 3824
442 207 470 262 C.
489 207 576 261 Iulius
595 207 725 278 Hyginus
1028 208 1092 272 531

77 379 138 450 qui
157 377 198 434 ab
216 376 377 452 Harpalo
396 377 495 453 inquit
512 377 609 453 regis
629 375 712 451 Gyri
730 377 918 451 praefecto
937 381 1093 435 exterra

76 464 254 524 Phocaide
270 466 390 543 fugati
403 468 499 540 sunt,
514 465 737 539 aliiVeliam,
750 467 883 540 partim
893 465 1093 526 Massiliam
1109 485 1135 526 15

77 554 324 612 condiderunt.
365 555 604 614 inscitissime
627 555 744 631 igitur
766 555 874 629 petit,
897 558 937 612 ut
955 554 1093 614 Aeneas

76 647 218 718 portum
241 645 403 702 Velinum
429 646 607 720 requirat,
637 662 713 702 eum
737 643 773 701 id
795 661 921 702 nomen
945 662 983 702 eo
1006 647 1093 702 tem-

76 753 162 808 pore
181 733 293 791 fuerit
311 751 487 807 nusquam
506 735 675 810 gentium.
718 751 831 808 neque
850 733 970 790 simile
993 732 1094 808 inquit

76 822 170 880 illud
193 822 309 880 videri
332 822 448 894 debet,
472 822 564 897 quod
588 822 701 880 estin
724 823 838 897 primo
862 821 1018 879 carmine
1044 815 1092 900 [2]

78 906 242 969 ‘Italiam
265 912 341 968 fato
369 913 544 988 profugus
567 911 778 985 Lavinaque
800 912 902 969 venit
920 906 936 987 s
955 906 1092 984 litora’,
1109 931 1134 970 so

77 1003 113 1058 et
136 1019 244 1074 aeque
268 1003 304 1058 in
328 1002 427 1058 sexto
451 1000 545 1058 libro
575 994 650 1079 [17]
683 993 979 1075 ‘Chalcidicaque
1002 999 1093 1058 levis

75 1089 220 1147 tandem
244 1108 351 1164 super
380 1090 504 1148 astitit
535 1085 639 1163 arce',
668 1089 836 1163 quoniam
863 1092 992 1164 poetae
1021 1088 1093 1163 ipsi

77 1179 251 1253 quaedam
281 1176 367 1236 κατὰ
395 1175 579 1256 πρόληψιν
608 1177 785 1237 historiae
816 1177 933 1236 dicere
964 1196 1003 1236 ex
1031 1196 1094 1237 sua

76 1285 230 1342 persona
249 1267 397 1326 concedi
415 1268 520 1342 solet,
541 1287 630 1342 quae
650 1268 748 1325 facta
766 1270 843 1341 ipse
862 1270 988 1342 postea
1002 1267 1093 1326 scire

76 1359 212 1432 potuit,
242 1359 338 1416 sicut
365 1355 547 1434 Vergilius
576 1356 685 1415 scivit
712 1356 752 1413 de
780 1356 932 1414 Lavinio
961 1355 1092 1431 oppido
1107 1374 1133 1415 re

76 1447 112 1503 et
142 1445 181 1504 de
212 1446 356 1504 colonia
387 1443 663 1504 Chalcidicensi.
719 1445 779 1504 sed
809 1444 1002 1505 Palinuros
1032 1447 1093 1520 qui

75 1535 198 1610 potuit
225 1536 325 1609 inquit
355 1534 446 1592 scire
475 1553 527 1609 ea,
558 1554 647 1609 quae
670 1537 753 1610 post
776 1553 886 1593 annos
910 1537 1092 1593 sescentos

75 1625 175 1682 facta
199 1626 293 1698 sunt,
322 1625 394 1682 nisi
416 1626 497 1699 quis
525 1643 602 1681 eum
630 1623 815 1682 divinasse
839 1626 926 1698 aput
952 1625 1092 1682 inferos

75 1715 197 1788 putat,
233 1711 384 1788 proinde
416 1715 456 1770 ut
491 1714 629 1770 animae
664 1711 914 1770 defunctorum
952 1710 1093 1772 solent?

76 1801 136 1859 sed
160 1804 195 1859 et
217 1802 248 1860 si
270 1803 322 1858 ita
346 1801 518 1876 accipias,
543 1819 755 1876 quamquam
778 1820 846 1859 non
870 1802 923 1858 ita
947 1800 1133 1872 dicitur,eo

75 1890 214 1949 Aeneas
228 1894 360 1963 tamen,
379 1891 440 1965 qui
458 1909 528 1948 non
542 1889 745 1964 divinabat,
765 1908 832 1965 quo
846 1893 951 1965 pecto
968 1892 1092 1965 potuit

75 1981 262 2054 requirere
285 1983 427 2054 portum
450 1978 626 2052 Velinum,
650 1979 706 2036 cui
729 1998 853 2037 nomen
877 1981 975 2053 tunc,
999 1979 1092 2037 sicut

75 2069 242 2143 diximus,
266 2068 403 2126 nullum
426 2087 574 2143 usquam
597 2066 692 2126 fuit?

150 2168 217 2222 Geli.
233 2171 335 2232 16,16,
350 2172 364 2220 1
383 2182 525 2229 reprehendit
537 2200 564 2207 —
577 2193 672 2230 usquam
685 2181 742 2221 furer
769 2167 803 2233 cf.
819 2167 892 2221 Serv.
908 2168 976 2220 Aea.
993 2171 1018 2232 6,
1029 2171 1090 2221 359.

73 2240 168 2294 Diem.
182 2256 212 2308 p.
231 2241 294 2305 443,
311 2241 358 2295 29.

149 2351 181 2399 18
196 2345 282 2398 fuerit
296 2346 393 2415 Recta.
409 2349 482 2399 1646
500 2345 555 2398 fuit
567 2346 624 2399 rell.
698 2350 732 2397 60
748 2343 909 2412 lavinioque
924 2345 1020 2414 Reyia.
1037 2347 1091 2397 597

74 2423 100 2471 et
120 2421 192 2470 1646
278 2422 311 2469 63
331 2416 449 2470 historia
465 2418 587 2485 plerique
604 2416 681 2470 codd.
763 2421 797 2468 24
817 2415 888 2469 scire
907 2415 1003 2486 Rcyia.
1020 2419 1091 2469 1646

74 2487 141 2542 aciri
159 2489 216 2543 reu.
308 2493 341 2540 66
361 2486 625 2556 c(h)alc(h)idinensi
644 2485 725 2556 (sloh.
748 2488 820 2541 Voss.
841 2486 905 2540 Lat.
925 2487 994 2555 FT)
1013 2486 1090 2541 codd.

74 2565 108 2611 67
129 2558 158 2612 id
177 2559 271 2627 inquit
291 2560 426 2629 Mayliab.
447 2559 544 2629 Reyia.
565 2562 620 2612 597
638 2565 663 2612 et
682 2562 753 2612 1646

141 2801 215 2857 item
232 2799 288 2857 hoc
307 2816 423 2872 quoque
443 2797 472 2854 in
493 2797 595 2855 eodem
614 2797 689 2855 libro
710 2797 899 2872 reprehendit
923 2789 1088 2875 [Hyyiaas]

74 2891 105 2946 et
120 2891 321 2946 correcturum
339 2888 429 2946 fuisse
444 2885 613 2964 Vergilium
631 2889 728 2962 putat,
746 2886 803 2944 nisi
818 2885 893 2944 mori
908 2890 1088 2960 occupasset.

74 2997 153 3035 nam
177 2996 252 3036 cum
276 2976 411 3034 Thesea
438 2976 538 3051 inquit
564 2975 659 3033 inter
684 2993 741 3033 eos
765 2976 1000 3050 nominasset,
1028 2975 1089 3050 qui

74 3066 118 3125 ad
153 3067 292 3124 inferos
330 3065 507 3124 adissent
539 3081 577 3122 ac
610 3063 803 3140 redissent,
841 3063 1088 3139 dixissetque

75 3149 163 3234 [Aea.
181 3158 208 3223 6,
221 3148 298 3232 122]
315 3148 412 3229 ‘quid
426 3154 573 3223 Thesea,
592 3172 756 3230 magnum
772 3146 786 3231 J
802 3152 889 3228 quid
902 3171 1088 3212 memorem
1116 3171 1128 3211 5

72 3242 248 3303 Alciden?
284 3247 318 3301 et
341 3246 387 3301 mi
410 3261 521 3320 genus
541 3242 583 3300 ab
602 3242 686 3301 Iove
705 3261 837 3301 summo
859 3237 937 3316 est',
960 3245 1088 3316 postea

73 3337 192 3392 tamen
210 3333 323 3391 infert
343 3329 384 3407 [6,
403 3326 494 3411 617]:
514 3326 630 3389 ‘sedet
646 3334 902 3406 aeternumque
921 3323 1091 3409 sedebit(

72 3423 203 3482 infelix
224 3416 404 3480 Theseus’.
446 3421 508 3496 qui
527 3422 645 3478 autem
666 3422 766 3495 inquit
787 3421 874 3478 fieri
892 3424 1025 3496 potest,
1049 3421 1088 3476 ut

74 3515 258 3571 aeternum
283 3515 369 3586 aput
391 3511 528 3568 inferos
552 3509 689 3576 sedeat,
713 3529 812 3584 quem
832 3528 939 3586 supra
958 3527 1033 3568 cum
1056 3509 1087 3565 is

72 3603 248 3675 nominat,
278 3602 338 3676 qui
366 3599 617 3659 descenderint
643 3599 733 3657 illuc
761 3602 869 3674 atque
899 3597 981 3656 inde
1008 3616 1086 3654 rur·
1102 3613 1127 3652 ro

886 3693 940 3745 hh*
