2400 3824
118 199 182 263 110
300 199 506 255 Grammaticus
525 203 775 256 antevarronianae
794 201 954 272 fragmenta

194 361 281 415 Varro
300 362 332 414 de
351 362 368 416 ἶ.
388 362 422 415 L.
443 366 469 427 6,
485 365 522 415 36
538 387 590 416 cum
604 378 724 416 verborum
739 394 772 403 -
787 379 904 425 permulta.
934 381 1022 431 quare
1037 364 1060 418 si
1074 365 1131 432 quis

115 431 346 500 primigeniorum
364 433 511 486 verborum
531 433 652 502 origines
672 435 837 501 ostenderit,
862 435 886 487 si
910 452 943 488 ea
966 434 1046 489 mille
1065 439 1131 502 suut,

116 503 301 572 quingentum
320 503 430 556 milium
449 503 621 574 simplicium
639 505 786 560 verborum
803 522 902 560 causas
917 508 1061 574 aperuerit
1073 525 1130 562 una.

189 583 424 638 ldeclinativum
438 585 515 639 Iler.
594 585 703 656 tinge]
718 585 781 656 lego
795 587 826 640 F
902 587 1070 642 Iadmitte:
1089 605 1131 642 ern.

121 656 258 710 Victorius
331 656 444 726 squia]
464 657 539 724 quod
559 674 576 709 a
594 659 663 711 coni.
683 658 831 728 LSpenqu
910 663 944 712 10
963 659 1131 729 primigenii:

115 743 163 781 em.
174 743 216 796 cy.
272 732 304 779 12
320 726 831 799 aliqu0]a1i0Auyustmuesonmete
887 735 920 782 14
935 730 966 782 in
975 730 1134 785 indidemF

612 864 633 919 3

183 965 215 1035 Q.
237 965 398 1026 Cosconius
421 967 593 1026 redeuntem
617 987 632 1026 e
656 967 781 1026 Graecia
804 962 1001 1049 [Terentium]
1026 971 1130 1045 perisse

116 1057 148 1113 in
162 1057 238 1113 mari
258 1055 331 1114 dicit
345 1075 411 1114 cum
432 1051 468 1134 [C
484 1060 514 1115 et
528 1051 617 1136 VIII]
637 1057 747 1115 fabulis
766 1061 916 1116 conversis
933 1059 1130 1118 aMenandro.

186 1145 259 1199 Suet.
277 1147 323 1200 cit.
342 1146 400 1200 Ter.
417 1172 450 1191 =
470 1147 559 1201 Varro
571 1149 607 1214 fr.
619 1151 673 1201 301
693 1147 728 1199 de
744 1149 833 1201 morte
852 1147 912 1200 eius
926 1147 1078 1203 Volcacius
1096 1149 1130 1202 sic

115 1216 205 1270 tradit
223 1217 270 1288 [fr.
286 1217 323 1287 3].
357 1230 381 1280 Q.
397 1230 517 1272 cosconius
531 1248 565 1258 -
579 1232 710 1272 namuro.
738 1219 773 1285 cf.
788 1219 826 1272 od
851 1220 930 1274 Varr.
947 1221 963 1274 i.
979 1236 1001 1274 c.

615 1355 633 1408 4

182 1475 201 1514 a
215 1456 413 1532 gubernatore
427 1456 547 1515 Aeneae
567 1457 753 1533 appellatum
767 1457 951 1534 Palinurum,
972 1477 990 1517 a
1005 1459 1127 1518 tubicine

115 1546 272 1621 Misenum,
292 1545 500 1604 aconsobrina
514 1546 690 1605 Leucosiam
708 1547 838 1605 insulam
856 1549 935 1606 inter
950 1567 1052 1607 omnes
1070 1568 1127 1625 per·

116 1637 216 1710 spicue
245 1635 397 1709 convenit,
428 1654 446 1693 a
469 1637 584 1694 nutrice
608 1633 757 1712 Caietam,
786 1635 823 1694 ab
850 1655 942 1696 uxore
966 1637 1125 1710 Lavinium,

116 1725 196 1799 quod
209 1728 278 1799 post
292 1725 399 1782 Troiae
415 1724 570 1798 excidium,
587 1727 676 1784 sicuti
691 1724 852 1784 Cosconius
866 1726 1014 1801 perhibet,
1028 1729 1125 1803 quarto

116 1832 193 1872 anuo
219 1815 387 1872 extructum
411 1816 463 1872 est.

187 1895 272 1950 Soiin.
288 1895 386 1948 collect.
401 1899 474 1960 2,13
493 1909 665 1958 aguuemanre
675 1926 701 1933 -
711 1911 839 1949 extructum
849 1913 887 1949 eet.
915 1913 966 1950 cur
982 1896 1125 1950 Mommsen

115 1968 216 2034 (praefi
231 1967 269 2020 ud
283 1966 369 2021 Solin.
385 1983 415 2033 p.
431 1966 528 2034 XIII)
547 1967 620 2020 bunc
635 1967 796 2020 Cosconium
810 1984 828 2020 a
841 1969 981 2036 simeriore
998 1969 1124 2022 diuersum

114 2039 247 2092 cecistr'mei
265 2054 322 2092 non
339 2038 417 2091 cirico
436 2037 481 2106 (cf.
500 2037 616 2091 Norden
635 2039 651 2091 I.
666 2055 688 2092 c.
704 2055 734 2107 n.
759 2038 853 2107 VIII).

489 2296 757 2383 SABIDIUS

186 2458 254 2525 quin
271 2456 402 2511 Sabidius
415 2456 537 2524 quidam,
557 2457 628 2524 quod
642 2471 740 2509 nomen
754 2457 973 2527 ouioutissimum
987 2457 1064 2526 apud
1076 2454 1121 2508 Rc·

114 2544 210 2582 manos
234 2533 271 2581 esi
296 2527 426 2596 (Sebulac,
451 2528 514 2581 [ατ.
534 2528 654 2597 Eiyenn.
672 2545 702 2595 p.
716 2530 793 2596 222),
816 2529 971 2582 carminum
994 2529 1122 2583 Saliorum

115 2601 248 2667 interpres
266 2600 398 2664 entitcrit,
423 2615 536 2652 causum
554 2616 603 2652 cur
622 2599 775 2653 dubitemus
792 2600 824 2651 in
842 2600 943 2668 optimo
966 2600 1042 2666 fonte
1058 2598 1121 2653 seiu-

115 2672 215 2725 Iiorum
230 2671 423 2724 Veronensium
435 2687 480 2740 cqc
495 2671 603 2738 quidem
614 2671 721 2723 nullam
735 2671 853 2736 inuenio,
872 2687 958 2739 neque
971 2672 1053 2726 aliter
1061 2671 1122 2724 dcco

116 2742 359 2796 Mourenbrecbcri
371 2742 511 2795 silentium
525 2741 627 2810 (praef.
642 2741 680 2794 ud
694 2758 775 2795 carm.
790 2742 841 2796 sul.
856 2741 913 2796 rell.
925 2759 954 2811 n.
970 2744 1035 2811 323)
1049 2744 1123 2795 inter·

111 2820 205 2881 prctor
223 2829 256 2866 oc
273 2814 299 2866 si
317 2813 396 2865 illurn
419 2813 490 2866 idem
512 2829 570 2866 non
592 2815 704 2866 nouerit.
742 2813 790 2881 qui
808 2813 919 2881 quondo
942 2815 1041 2868 cineris
1062 2813 1123 2866 certo

114 2885 197 2954 arqui
206 2900 263 2936 non
270 2890 374 2952 noceam
388 2885 517 2937 uetustior
526 2890 617 2937 tamen
626 2884 742 2950 fortasse
751 2885 815 2951 fuit,
829 2886 855 2938 si
862 2883 971 2952 quidem
983 2884 1125 2939 ‘Saliorum

114 2956 241 3010 carmina
254 2957 303 3009 uix
316 2955 500 3008 sacerdotibus
508 2956 567 3008 suis
576 2957 644 3009 satis
658 2955 804 3009 intellectu’
815 2962 881 3010 sunt
894 2955 1001 3025 (Quint.
1013 2961 1037 3022 1,
1045 2959 1070 3020 6,
1077 2950 1125 3015 40),

115 3043 280 3095 quamquam
305 3027 388 3080 buius
410 3026 485 3080 modi
506 3027 601 3081 studio
624 3043 658 3080 ne
681 3027 716 3080 ab
740 3032 827 3080 aetate
850 3027 959 3094 quidem
978 3027 1127 3091 flaccum

110 3115 226 3166 prorsus
244 3096 396 3151 obhorrent.

465 3249 774 3316 FRACMENTUM

291 3390 468 3446 VERSUUM
492 3391 676 3445 SALIORUM
696 3390 953 3445 CCMMENTARII

88 3541 91 3546 ·
160 3504 310 3569 Sabidius
341 3513 541 3570 commentar.
565 3509 629 3568 XII
650 3525 729 3567 uere.
749 3505 874 3565 baucis
896 3509 936 3563 ut
950 3507 989 3562 'm
1006 3497 1139 3562 exarsit*

71 3585 187 3662 (prius
206 3615 306 3673 quem
327 3603 415 3664 acies
435 3603 664 3676 instrueretur,
680 3599 721 3674 is,
736 3613 833 3673 nones
851 3589 964 3669 numm
974 3586 1163 3664 imth'ffl
