2400 3824
411 168 441 222 P.
460 167 593 239 Nigidius
612 168 729 240 Figulus
1013 172 1077 237 175

57 340 194 396 veterum
217 336 383 396 doctissimi
406 337 558 413 dixissent,
581 338 737 398 mendaces
761 342 791 399 et
813 339 920 399 infidos
943 342 975 398 et
997 340 1078 399 levia

57 428 219 502 inaniaque
242 444 296 501 pro
320 426 464 503 gravibus
488 431 518 486 et
541 427 618 486 veris
642 430 826 487 astutissime
855 431 1077 504 componentes3

57 515 184 575 stolidos
215 516 315 574 autem
342 517 445 575 vocari
472 519 617 575 nontam
641 518 749 576 stultos
772 519 803 576 et
825 518 962 577 excordes
987 537 1103 594 quama

56 607 173 664 taetros
196 607 227 662 et
248 604 389 663 molestos
417 608 447 663 et
474 604 634 681 inlepidos,
665 624 739 682 quos
768 605 875 666 Graeci
903 605 1077 685 μοχθηροὺς

56 691 108 753 aci
131 691 293 772 φορτικούς
321 692 460 752 dicerent.
507 697 608 770 etyma
637 714 755 771 quoque
783 696 891 754 harum
917 714 1024 754 vocum
1048 701 1078 754 et

57 784 190 860 origines
214 783 340 856 scriptas
364 800 427 841 esse
451 783 570 842 dicebat
592 785 624 841 in
647 784 732 844 libris
754 785 934 862 Nigidianis.

134 881 336 947 Getl.18,4,10
354 899 404 935 nos
419 882 514 935 autem
528 883 627 950 postea
641 908 671 936 ex
680 896 807 946 Apollinari
817 897 986 946 -nrgsmann
1004 899 1077 950 quas

56 952 210 1022 requisitas
225 968 277 1022 ego
292 954 320 1006 et
333 954 460 1021 reportes
476 953 709 1022 comprimorum
728 954 966 1024 significationum
986 970 1078 1008 exem-

56 1024 122 1094 plis,
137 1025 170 1078 ut
179 1023 386 1078 commentariis
396 1025 498 1077 harum
509 1024 634 1078 noctium
646 1023 787 1094 inferrem,
803 1026 899 1079 notavi
909 1028 938 1080 et
947 1025 1077 1080 intulisse

56 1097 115 1149 iam
129 1112 175 1149 me
189 1094 285 1163 aliquo
300 1094 330 1148 in
344 1095 406 1148 loco
422 1095 705 1150 commentationibus
720 1097 783 1150 istis
798 1096 936 1152 existimo.
971 1097 1078 1152 Gellius

56 1168 178 1292 resprailpitl
186 1185 231 1290 epu
231 1184 260 1290 31.
278 1171 308 1290 θ8,
324 1167 478 1292 migma
502 1169 601 1294 Ἥ,
610 1167 801 1295 ibidemGauP.
816 1168 934 1295 Nigidio
945 1168 1077 1295 grigbinjg

56 1255 109 1364 iod
122 1255 214 1378 palti).
248 1240 940 1378 eflchtrp.e41(6c,s27Sdtc.01iiae.eAeitI,3d2.
962 1257 1005 1377 ivi}
1015 1256 1075 1366 7⁰15.

56 1379 270 1507 Serpffepepka,
283 1384 326 1435 ec.
364 1381 433 1435 Isse.
457 1398 496 1436 or.
522 1387 566 1448 10,
578 1385 642 1436 279.
680 1383 763 1437 coa·
783 1383 810 1436 V
824 1387 888 1449 559,
902 1387 928 1436 a
949 1415 982 1422 -
1002 1383 1076 1437 Fae.

53 1470 83 1522 p.
177 1493 185 1517 ,
237 1492 243 1504 .

131 1564 146 1611 6
167 1560 273 1612 castros
285 1558 360 1614 Voss.
371 1560 435 1614 Lat.
446 1561 477 1614 F
490 1564 507 1613 7
544 1561 667 1614 stautros
681 1561 774 1615 Paris.
802 1561 907 1614 taetros
921 1561 963 1615 cel
988 1562 1077 1614 tetros

56 1631 115 1685 rell.
145 1632 271 1684 austeros
291 1631 376 1685 Hertz
487 1629 580 1702 tuat]
601 1632 648 1684 ΕΤ
674 1633 746 1686 Voss.
766 1633 830 1686 Lot.
846 1632 909 1686 Fr

497 1801 540 1858 35
564 1793 635 1878 [59]

126 1905 267 1984 Nigidius
287 1906 377 1966 celari
401 1907 533 1983 quaerit,
558 1910 659 1965 utrum
678 1906 800 1982 plenum
819 1906 859 1965 sit
877 1925 916 1964 an
934 1925 1076 1982 pressum.

131 2006 206 2059 Dim.
228 2004 288 2059 Ter.
305 2005 409 2074 phorm.
431 2011 456 2072 1,
470 2010 528 2073 4,4
546 2019 802 2068 Nigidius-pressum.
835 2005 868 2059 de
882 2003 1000 2076 Niqt'dt'o
1014 2007 1078 2060 him

56 2084 83 2131 et
101 2093 136 2130 ex
153 2077 189 2143 fr.
210 2081 254 2130 36.
270 2080 306 2130 37
335 2077 455 2132 Terentii
473 2079 618 2145 interprete
636 2077 708 2144 fuleo
727 2077 880 2131 eristimoto
898 2077 941 2130 ed.
962 2076 1077 2144 Ritseht

56 2150 173 2218 Purerp.
189 2165 219 2215 p.
235 2151 290 2202 363
298 2165 336 2217 eq.

497 2283 541 2339 36
565 2275 636 2359 [eo]

128 2383 276 2463 ‘protinus
290 2389 322 2445 in
340 2388 429 2464 pedes
438 2380 453 2444 '.
490 2387 641 2464 protinam
660 2387 720 2446 fuit
735 2390 765 2446 et
779 2387 821 2447 sic
835 2387 975 2463 Nigidius
993 2388 1076 2464 legit.

131 2487 237 2541 Donat.
252 2486 318 2539 ibid.
335 2491 436 2553 1,4,13
454 2501 555 2549 protinus
569 2518 595 2525 —
608 2501 669 2550 legit.
702 2487 736 2552 Cf.
753 2487 841 2541 Varro
856 2487 888 2540 dt
902 2487 919 2539 l.
931 2487 965 2540 L.
981 2490 1076 2553 7,107.

56 2559 142 2613 Paul.
163 2558 237 2612 Fest.
254 2574 283 2625 p.
301 2560 367 2624 226,
380 2563 426 2613 20.
463 2559 538 2612 Noa.
553 2574 583 2625 p.
604 2561 667 2623 375,
682 2562 724 2612 31.

498 2711 541 2766 37
565 2702 635 2786 [61]

125 2834 183 2872 non
214 2815 332 2891 pudere.
377 2816 427 2874 hic
450 2815 590 2892 Nigidius
618 2813 776 2873 adnotavit
805 2814 953 2873 neminem
981 2815 1078 2874 videri

56 2903 169 2980 pudere
193 2907 263 2963 ante
286 2904 435 2964 delictum.

92 3060 98 3072 ·
132 3004 237 3058 Donat.
257 3004 322 3058 ibid.
342 3008 370 3070 2,
384 3009 410 3071 1,
424 3009 442 3058 3
460 3030 506 3058 non
520 3019 603 3066 pudere
617 3036 643 3042 -
658 3017 769 3057 delictum.

309 3214 358 3268 EX
377 3215 529 3270 AUGURII
547 3215 696 3269 PRIVATI
714 3215 829 3270 LIBRIS

498 3351 542 3407 aa
566 3343 636 3428 [eo]

95 3466 175 3609 flit.
208 3465 235 3522 I.
296 3465 483 3542 discrepat
524 3464 651 3524 dextra
692 3465 895 3540 sinistrae„
936 3479 1103 3538 praepes

55 3571 198 3610 merae.
