2400 3824
133 182 199 248 390
283 182 487 238 Grammaticae
507 184 610 238 aetatis
629 183 820 238 Varronianae
838 183 1001 254 fragmenta

131 352 292 410 Ramnium
316 351 460 411 Lucerum
484 352 602 412 fiebant.
647 355 751 428 itaque
773 354 864 429 primi
890 354 1086 432 singularum
1110 356 1156 414 de-

133 441 284 500 curiarum
312 442 483 500 decuriones
512 443 596 516 dicti,
627 443 679 518 qui
706 461 741 500 ex
765 462 799 502 eo
827 444 859 501 in
887 445 1018 521 singulis
1047 447 1156 504 turmis

132 533 202 589 eunt
225 531 316 590 etiam
339 550 417 590 nunc
440 533 526 590 terni.

203 631 277 684 Fert.
292 647 323 699 p.
338 634 419 693 355a,
434 635 451 684 6
469 647 565 684 turmam
578 663 604 669 —
618 646 682 684 amr.
713 631 800 686 Varro
819 632 851 685 de
870 633 887 685 l.
906 633 942 686 L.
962 635 991 699 5,
1006 637 1043 687 91
1063 634 1155 686 tunna

131 701 233 755 terima
252 704 278 769 (e
297 702 327 754 in
345 720 364 754 u
383 701 473 771 abiit),
493 702 567 770 quod
587 704 630 755 ter
649 703 715 755 deni
734 704 843 771 equites
860 703 1003 756 extribus
1023 704 1154 758 tribubus

131 771 298 826 Titiensium
317 773 468 825 Rammium
486 773 622 826 Lucerum
646 773 757 828 fiebant.
799 773 895 842 itaque
917 774 1006 842 primi
1029 775 1154 846 singula·

133 861 195 896 rum
214 843 390 897 decuriarum
409 843 572 898 decuriones
592 845 669 909 dieti,
689 845 738 913 qui
759 845 794 898 ab
814 861 846 900 eo
865 846 895 898 in
913 845 1038 913 singulis
1055 848 1153 900 turmis

133 918 198 967 sunt
213 915 299 968 etiam
313 933 387 969 nunc
401 916 482 969 terni,
502 916 536 981 ef.
548 917 630 970 Pani.
647 917 720 971 Fert.
730 935 761 986 p.
776 920 839 981 354,
852 920 879 971 2.
898 918 969 971 Ieid.
985 935 1025 972 or.
1037 922 1066 985 9,
1077 922 1104 984 3,
1114 924 1152 972 51.

206 1028 217 1074 1
241 1021 364 1075 adiciam
455 1039 541 1089 quase

407 1356 459 1439 M.
494 1354 719 1440 TULLIUS
752 1356 877 1441 TIRO

133 1641 243 1700 VITAE
476 1577 514 1642 Α.
538 1577 807 1643 TESTIMONIA

206 1779 229 1826 1.
260 1773 314 1826 ’Μ
334 1774 442 1826 Tnllins
468 1773 543 1827 Tiro'
569 1775 698 1839 Hieron,
724 1773 847 1827 ‘Tnllins
873 1774 952 1828 Tiro’
979 1773 1059 1828 Plin.
1087 1775 1152 1830 Geli.

134 1844 306 1910 Schol.Bob.,
323 1845 401 1898 ‘Tiro
420 1845 538 1899 Tnllins'
561 1845 629 1898 Geli.
648 1846 767 1914 saepiae,
783 1845 872 1899 ‘Tiro’
892 1845 981 1914 vniyo.
1013 1847 1081 1900 Tiro
1098 1847 1152 1913 for-

134 1922 203 1969 tasse
222 1917 253 1968 in
272 1916 349 1969 domo
368 1917 430 1984 cneo
451 1915 588 1970 Ciceronis
605 1933 690 1969 rerna
707 1923 847 1970 natusest
869 1917 913 1984 (cf.
934 1917 1153 1986 Enqelbronnen

134 1986 165 2038 de
182 1989 223 2040 M.
236 1988 326 2040 Tnllic
344 1988 450 2041 Tirone.
467 1988 612 2041 Amsteioct.
629 1992 701 2042 1804
711 2004 741 2055 p.
755 1993 788 2053 6,·
805 1988 973 2054 Janfmnnn,
990 1989 1034 2042 Μ.
1047 1989 1154 2043 Tnilins

137 2059 209 2111 Tiro.
234 2059 380 2127 Dillinyen
403 2062 476 2111 1897
494 2075 524 2127 p.
546 2061 602 2127 16):
636 2066 703 2113 certe
727 2059 850 2113 Graecas
876 2059 982 2129 oriyinc
1010 2076 1070 2113 non
1098 2066 1154 2114 erat

135 2130 200 2197 (Cic.
220 2130 258 2182 nd
276 2130 343 2195 fam.
364 2134 408 2194 16,
422 2134 448 2195 4,
462 2132 499 2198 2).

123 2218 126 2224 ’
205 2222 231 2271 2.
252 2219 367 2271 Hieron.
383 2219 421 2271 nd
437 2237 462 2272 a.
478 2221 545 2272 Aer.
556 2223 629 2273 2019
643 2246 669 2263 =
683 2220 755 2274 Snet.
770 2222 827 2273 rell.
838 2237 868 2288 p.
881 2224 933 2273 135
941 2220 976 2273 R.
999 2220 1038 2291 [a.
1056 2220 1151 2290 749ji.

135 2289 236 2359 reoli]
256 2289 292 2342 M.
308 2288 416 2342 Tullius
431 2289 496 2343 Tiro
512 2289 652 2344 Ciceronis
671 2290 789 2343 liberius
805 2323 838 2330 —
854 2291 883 2343 in
897 2291 1055 2346 Puteolano
1076 2307 1151 2361 prae·

135 2359 182 2414 dio
202 2377 358 2428 sucusque
378 2361 413 2413 ad
433 2362 616 2414 centesimum
639 2378 744 2414 annum
763 2361 943 2416 consenescit.
977 2380 1041 2416 enm
1063 2363 1152 2418 Cicero

135 2434 192 2501 ipse
214 2432 340 2486 Tironem
359 2433 510 2486 instituerit
527 2434 594 2502 (test.
612 2435 637 2501 3)
656 2450 768 2501 enmqne
787 2451 812 2487 a.
830 2433 937 2505 704J50
955 2426 1153 2490 adulescentem

135 2506 252 2572 appellet
276 2506 342 2572 (test.
360 2507 411 2572 11),
440 2521 514 2557 anno
539 2505 665 2573 649s105
689 2505 730 2559 cel
756 2504 896 2573 6507104,
924 2511 956 2558 nt
980 2507 1098 2574 qnidam
1122 2522 1153 2560 cc

135 2576 306 2645 Hieronymo
329 2577 500 2646 eolleqernnt,
524 2583 608 2630 aetna
630 2593 683 2630 csse
701 2593 758 2629 non
772 2583 869 2645 potest.
907 2594 991 2645 qnare
1009 2579 1085 2632 ment
1106 2577 1152 2631 aab

135 2653 204 2700 certo
229 2664 305 2700 anno
330 2647 477 2700 Suetonius
504 2649 590 2700 verbis
619 2648 726 2701 ‘clarus
751 2649 880 2702 habetnr’
908 2648 1053 2716 sermtoris
1080 2650 1152 2703 luen-

136 2719 313 2771 lentissimmn
338 2720 410 2773 m'tae
434 2720 556 2787 spatium
581 2721 709 2773 denotare
733 2721 811 2785 colet,
836 2721 878 2772 itn
902 2720 946 2773 hic
971 2721 1073 2788 opinor
1095 2736 1153 2774 occe

137 2789 320 2843 ‘consenescit’
337 2791 504 2843 enrricnlnm
522 2793 665 2843 senecintis·
684 2791 815 2860 desiynnt,
835 2807 891 2844 non
909 2792 981 2844 ritae
998 2792 1152 2856 terminum,

136 2876 213 2927 qnem
231 2861 302 2913 idem
320 2863 419 2929 nbiqne
439 2862 534 2915 ‘mori'
555 2863 632 2915 verbo
650 2863 796 2932 sanificat.

134 3013 138 3021 λ
208 2952 232 3001 3.
261 2948 328 3002 Geli.
345 2954 370 3014 6,
386 2953 444 3015 3,8
471 2966 503 3002 eo
532 2950 656 3020 [Tirone]
683 2950 719 3002 ab
742 2951 857 3003 ineunte
880 2952 975 3003 aetaie
997 2949 1154 3005 liberaliter

136 3017 267 3072 instituto
287 3020 519 3074 adminiculatore
538 3023 567 3073 et
586 3022 666 3088 quasi
685 3022 850 3076 administro
874 3021 903 3074 in
922 3021 1026 3075 studiis
1045 3021 1153 3076 litiera-

136 3105 198 3142 rum
213 3089 307 3143 Cicero
322 3109 388 3144 usus
403 3096 452 3145 est.
475 3093 528 3146 Oie.
544 3094 581 3145 nd
594 3095 662 3160 fam.
677 3098 722 3158 16,
733 3097 784 3158 3,1
800 3094 850 3164 [nd
862 3095 990 3146 Tironem
1004 3111 1032 3147 α.
1043 3091 1153 3165 704750]

135 3163 169 3214 iu
188 3162 211 3214 si
230 3178 280 3214 nos
300 3179 395 3215 omnes
415 3180 491 3217 amas
512 3166 540 3216 et
558 3164 708 3232 praecipue
727 3181 771 3218 me
791 3165 957 3234 magistrum
976 3166 1070 3230 tuum,
1092 3181 1155 3218 con-

136 3231 216 3285 firma
235 3236 271 3285 te.
311 3234 378 3287 Geli.
395 3240 438 3299 13,
453 3240 509 3300 9,1
533 3235 642 3288 Tullius
665 3235 731 3288 Tiro
754 3236 791 3288 M.
807 3235 947 3290 Ciceronis
972 3235 1105 3290 alumnus
1128 3240 1156 3289 ct

136 3302 254 3357 libertus
281 3304 447 3374 adiutorque
473 3307 502 3358 in
528 3306 631 3360 litteris
658 3307 813 3360 studiorum
839 3306 906 3360 eius.
946 3306 1000 3361 Gie.
1025 3309 1065 3361 cd
1088 3309 1154 3374 fam.

137 3379 182 3440 16,
196 3381 222 3441 4,
237 3380 254 3430 3
273 3376 323 3445 [od
344 3378 471 3431 Tironem
489 3397 514 3431 c.
531 3377 651 3448 mefac]
670 3378 888 3432 innumerabilia
906 3381 956 3431 tua
976 3382 1044 3433 euni
1062 3379 1094 3431 in
1113 3395 1156 3432 me

135 3445 230 3500 cilicia
254 3447 410 3502 domestica
432 3449 567 3516 forensia,
592 3450 701 3502 urbana
724 3450 920 3518 provincialia,
946 3448 976 3503 in
995 3467 1026 3503 re
1045 3451 1157 3519 privata

122 3516 154 3570 1'n
176 3519 311 3589 publica,
341 3521 370 3577 in
396 3521 502 3579 studiis
523 3521 556 3576 in
575 3519 681 3575 litteris
704 3521 817 3574 nostris.
856 3522 891 3586 cf.
915 3521 952 3575 od
972 3523 1030 3576 An.
1048 3526 1074 3588 7,
1091 3527 1117 3589 5,
1131 3527 1156 3578 2.

109 3593 159 3659 13,
174 3598 223 3662 00,
241 3599 263 3650 3
280 3598 319 3652 nl.
