2400 3824
118 165 182 231 188
264 164 472 220 Grammaticis
491 165 593 220 aetatis
611 165 805 220 Varronianus
824 165 984 237 fragmenta

118 333 158 380 est
176 343 220 381 eos
235 328 316 394 prius
335 343 417 395 quam
436 333 534 381 ceteros
556 328 588 379 iu
607 328 691 381 lucem
706 327 858 395 prodiisse;
882 325 914 379 id
932 326 1005 395 quod
1023 326 1090 381 aliis
1108 326 1138 380 de

117 399 210 452 causis
234 399 333 453 Useuer
355 414 461 466 quoque
485 399 585 452 statuit
609 399 685 466 (ibid.
702 415 732 466 p.
748 399 821 466 632).
858 399 924 452 biuc'
945 399 1029 452 etiam
1051 399 1136 466 sequi·

117 475 165 533 tur
179 469 302 536 primum
323 469 424 522 librum
443 470 477 523 ab
496 470 539 523 bis
557 470 680 524 ulieuum
698 486 767 535 esse;
786 471 835 538 qui
847 471 941 538 potuit
959 470 1033 523 euim
1052 469 1138 523 Varro

117 540 202 595 multo
221 541 343 594 uberiore
357 543 496 608 prooemio
514 541 655 608 praefari,
681 558 765 609 quam
787 542 835 594 cui
857 557 926 610 opus
948 537 1138 610 responderet?

115 613 229 666 missum
248 613 320 665 euim
337 612 411 678 facio
430 612 561 666 disertum
575 613 717 680 scriptoris
734 613 925 667 testimoniium
951 612 1040 667 Varro
1054 612 1140 683 iqitur

116 683 149 736 iu
177 684 255 737 libris
284 683 321 736 ad
350 682 516 749 Ciceronem,
548 690 580 738 ut
606 684 722 750 ridetur,
749 683 822 736 urbib
848 683 942 749 aliud,
974 684 1034 738 uisi
1060 699 1138 751 opus·

117 755 209 808 culum
232 753 363 821 Septimio
386 756 508 809 dicatum
530 757 689 809 retractauit
711 760 792 823 atquc
815 755 952 821 dilatauit.
989 761 1021 809 at
1043 754 1077 808 de
1099 755 1140 808 bis

116 826 188 893 ipsis
212 827 291 880 libris
316 826 474 895 ambiqitur.
513 827 606 882 Cicero
625 828 697 880 euim
715 827 747 880 iu
765 827 939 880 Academicis
954 832 1025 894 post.
1041 831 1068 892 1,
1083 828 1140 890 1,2

117 903 143 951 et
161 898 193 951 iu
210 898 286 966 epist.
316 897 354 950 ad
372 899 429 950 Aet.
447 901 490 964 13,
505 901 550 964 12,
565 901 582 952 3
604 899 768 968 peucratim,
794 898 878 952 eodec
895 898 1079 952 Florentium
1098 898 1139 950 iu-

118 970 245 1023 eemtibus
268 969 347 1022 libris
371 969 467 1037 quiuto
491 976 516 1023 et
538 969 640 1024 decimo
663 970 833 1038 plurimique
855 969 1031 1038 prammatici
1053 968 1139 1023 uomi-

117 1041 206 1094 uatiu
220 1056 312 1094 oruues
327 1041 411 1094 libros
430 1040 553 1104 V—XX
558 1041 585 1095 V
599 1041 637 1094 ad
653 1041 807 1096 Cicerouem
820 1042 915 1094 missos
929 1056 983 1094 esse
997 1044 1139 1094 testantur.

117 1111 191 1179 quod
217 1113 243 1165 si
269 1112 380 1166 Seruius
403 1112 626 1179 (Aeu.12‚139)
651 1112 849 1183 Pbilarpprius
871 1113 940 1180 (buc.
955 1115 983 1176 2,
999 1113 1045 1180 63)
1065 1111 1140 1176 {Dio-

117 1183 204 1250 medes
227 1185 283 1236 siue
303 1182 430 1236 Valerius
452 1184 561 1238 Probus
579 1185 616 1251 (p.
637 1184 761 1252 377,12)
780 1183 890 1236 tertium
913 1198 1016 1250 quoque
1041 1181 1140 1236 librum

116 1261 258 1321 tamquam
273 1254 310 1307 ad
326 1254 480 1308 Ciceromm
495 1256 627 1323 scriptum
647 1253 774 1319 laudaut,
792 1255 841 1308 boe
859 1254 938 1324 louqe
952 1254 1028 1308 abest
1042 1259 1075 1306 ut
1087 1253 1141 1306 cim

118 1326 333 1378 testimoniorum
351 1328 592 1395 qrammaticorum
612 1325 740 1391 debilitet,
763 1324 794 1378 id
812 1322 885 1392 quod
904 1325 985 1379 Riese
1003 1323 1143 1379 couteridit

118 1396 229 1464 (Philol.
244 1399 291 1461 27,
304 1398 383 1466 297);
404 1402 484 1465 atque
502 1397 585 1450 etiam
603 1397 682 1450 uobis
700 1411 729 1450 eo
747 1396 871 1465 probiori
888 1394 1142 1463 traduciamus!

117 1467 183 1520 biuc
205 1467 372 1536 iutelleqitur
393 1468 472 1533 fama
493 1467 642 1534 dicerouis,
665 1468 817 1522 maalmam
840 1468 930 1536 operis
949 1473 1060 1534 partem
1078 1465 1141 1520 illu·

117 1544 219 1604 straus,
237 1537 365 1605 Septim'ii
382 1555 481 1593 uomeu
495 1555 613 1608 prorsus
631 1540 800 1593 obscurasse:
823 1539 873 1593 boc
890 1540 985 1592 saltem
1005 1552 1142 1606 uusquam

119 1609 196 1678 apud
214 1615 337 1663 auctores
355 1617 479 1678 apparet.
503 1611 673 1665 ecoutrario
698 1611 785 1663 Varro
805 1611 893 1664 tribus
917 1609 983 1664 locis
1008 1608 1052 1677 (de
1071 1609 1087 1662 l.
1108 1607 1141 1660 L.

119 1685 145 1745 5,
161 1686 184 1734 1.
201 1685 228 1746 6,
242 1684 287 1734 97.
304 1685 329 1746 7,
344 1683 409 1747 109)
430 1682 583 1736 Ciceronem
602 1682 761 1750 alloquitur,
780 1686 812 1734 ut
830 1681 868 1734 ad
886 1695 947 1734 eum
965 1681 1039 1733 tros
1061 1679 1143 1734 libros

117 1753 232 1817 scribat,
266 1751 339 1819 quod
366 1753 398 1806 iu
419 1754 591 1820 sequeutibus
615 1753 695 1807 VIII
699 1752 773 1804 —X
799 1754 855 1805 iam
878 1768 935 1806 uou
957 1751 1041 1817 fucit:
1070 1749 1143 1804 uude

118 1824 199 1878 Riese
218 1823 292 1890 effici
308 1825 367 1877 uult
390 1823 467 1897 (ibid.
484 1842 512 1892 p.
527 1826 593 1892 297)
617 1841 646 1877 re
664 1840 729 1877 uera
747 1823 785 1876 ad
804 1823 958 1878 dicerouem
977 1823 1063 1877 libros
1081 1827 1142 1876 tau·

118 1901 176 1948 tum
192 1895 249 1947 V-
257 1895 315 1947 VII
333 1892 429 1949 missos
447 1912 514 1960 esse,
533 1895 565 1949 de
583 1896 677 1949 ceteris
695 1901 786 1948 autem
802 1895 923 1949 Varroui
940 1895 1028 1949 solam
1047 1894 1142 1948 uoluu-

117 1971 201 2019 tatem
219 1966 314 2030 fuisse,
333 1982 402 2033 quae
420 1966 453 2020 ob
467 1968 639 2035 repeutiuam
654 1965 793 2020 Cicerouis
810 1971 922 2020 mortem
940 1966 1031 2020 iurrba
1049 1966 1142 2031 fuerit.

119 2043 149 2090 at
171 2037 197 2090 si
215 2038 304 2105 paulo
325 2036 477 2092 studiosius
502 2038 635 2092 Varrouis
657 2039 738 2105 uerba
762 2037 883 2107 leqimus,
903 2037 928 2090 is
946 2037 1031 2092 totius
1053 2035 1144 2104 operis

118 2114 172 2161 tres
190 2109 260 2162 solos
284 2107 367 2162 libros
387 2108 512 2162 Oiceroui
528 2125 556 2162 se
574 2109 710 2162 dicarisse
730 2125 788 2162 uou
806 2108 887 2174 dicit,
911 2107 960 2162 sed
978 2113 1032 2161 tres
1050 2122 1143 2161 eorum

119 2179 260 2243 librorum,
279 2178 328 2231 ubi
344 2179 431 2247 ‘quem
446 2179 609 2233 admodum
627 2180 707 2234 rebus
721 2179 831 2233 Latiua
848 2180 964 2234 uomiua
981 2180 1040 2233 siut
1057 2179 1143 2246 impo

117 2250 184 2304 sita'
205 2250 364 2318 disputavit.
403 2251 475 2318 quod
493 2268 548 2318 qua
566 2251 598 2304 de
617 2268 703 2305 causa
716 2250 820 2316 fecerit,
835 2251 944 2305 diuersa
958 2250 1099 2305 dicatiouc
1112 2251 1143 2303 iu

118 2322 229 2376 duabus
242 2323 331 2390 operis
345 2323 476 2391 partibus
489 2322 609 2377 eiusdem
623 2323 778 2391 arqumeuti
791 2322 954 2389 explicatur.
988 2322 1144 2389 ceteroquin

117 2394 151 2458 si,
171 2409 253 2461 quam
272 2399 373 2462 arquta
391 2409 424 2446 ac
442 2394 562 2463 beuipua
579 2395 704 2448 comitate
725 2393 816 2448 Oicero
835 2395 866 2447 iu
880 2393 1057 2447 Academicis
1070 2397 1143 2461 post.

125 2465 275 2518 Varrouem
298 2465 465 2532 alloquatur,
491 2471 523 2518 ut
536 2466 703 2532 promissum
722 2481 824 2519 murus
842 2469 929 2534 ropet,
953 2480 1011 2519 uou
1030 2464 1143 2534 daqitet,

118 2535 267 2601 cousidero,
288 2536 438 2590 Varrouem
459 2536 583 2591 Ciceroui
597 2537 666 2604 pari
683 2538 823 2590 uoluutute
841 2536 873 2589 iu
886 2536 1029 2605 prooemio
1047 2535 1143 2589 rescri-

119 2608 178 2660 bere
206 2607 328 2660 debuisse
355 2607 424 2661 mibi
451 2607 605 2676 persuadeo
611 2628 621 2673 ,·
652 2624 719 2661 uum
742 2608 815 2675 quod
835 2608 923 2662 Varro
947 2607 1030 2660 iuitio
1053 2605 1145 2675 quiriti

119 2677 185 2731 libri
211 2678 372 2747 simpliciter
400 2679 565 2746 breuiterque
594 2678 644 2731 ‘ad
662 2684 686 2731 te
703 2679 833 2734 scribam'
864 2680 918 2744 ait,
946 2678 1058 2732 uomiue
1085 2677 1144 2747 ipso

121 2749 259 2803 Cicerouis
287 2751 398 2813 omisso,
430 2750 479 2804 boc
506 2751 537 2802 iu
565 2751 672 2804 bomiue
695 2751 803 2804 urbauo
826 2752 875 2804 uic
897 2749 1045 2814 satisfacit.
1084 2765 1144 2802 cum

118 2820 206 2888 iqitur
224 2822 367 2888 superiora
380 2823 622 2889 qramuiutieorum
640 2821 792 2889 codicisque
810 2820 888 2875 Flor.
908 2821 1065 2875 ustiuouta
1084 2835 1144 2875 cum

120 2891 272 2944 testimouio
297 2891 431 2945 Varrouis
459 2893 551 2960 aliquo
579 2893 658 2947 modo
687 2893 832 2946 coucdiori
854 2893 976 2960 possiut,
1004 2898 1087 2960 atque
1113 2892 1144 2944 iu

121 2962 199 3015 libris
212 2962 269 3010 V—
277 2962 336 3015 VII
350 2963 441 3016 Oicero
460 2964 538 3017 uiuus
556 2969 724 3029 memoremur,
744 2969 807 3018 aute
821 2964 880 3017 eius
894 2969 1005 3018 mortem
1020 2960 1142 3034 [tulit]

121 3032 204 3086 libros
229 3033 273 3086 De
297 3033 313 3085 l.
334 3033 383 3098 L.,
415 3035 465 3101 qui
491 3035 548 3087 iam
576 3033 640 3087 iude
669 3035 704 3088 ab
732 3052 757 3087 a.
783 3033 883 3095 707s47
905 3035 1040 3103 momusi
1067 3039 1144 3086 eraut

121 3102 187 3173 (Oic.
208 3104 245 3156 ad
264 3104 320 3157 Att.
343 3108 385 3169 13,
401 3108 444 3170 12,
460 3106 487 3172 3)
512 3105 650 3159 absolutos
672 3111 753 3173 atque
771 3106 857 3160 editos
875 3122 930 3160 esse
948 3106 1140 3159 constituerim.

120 3175 155 3239 cf.
180 3174 339 3245 LSpcuqel,
373 3176 442 3230 Abb.
464 3176 492 3229 d.
514 3176 616 3246 Buper.
637 3176 728 3230 Aliud.
745 3179 840 3230 713.2
863 3177 927 3231 Abt.
947 3177 1141 3244 185411113-

125 3245 283 3300 Wilmauus
292 3264 322 3315 p.
334 3249 370 3299 37
375 3263 412 3314 sq.
442 3248 627 3301 Reitzensteiu
637 3247 704 3301 ibid.
715 3264 745 3315 p.
757 3251 790 3302 31
796 3264 833 3316 sq.
844 3255 870 3302 et
882 3248 1043 3315 praesertim
1056 3263 1084 3316 p.
1096 3249 1134 3299 80

560 3396 699 3452 INDIOIA

175 3499 201 3548 1.
232 3498 322 3554 Varro
347 3498 374 3554 d.
400 3501 418 3554 i.
442 3499 478 3555 L.
501 3502 599 3567 7,110
627 3495 719 3552 omnis
744 3496 837 3564 ossus
861 3495 897 3548 bs
915 3493 1018 3562 X'mgxxu
1041 3453 1143 3547 Latini·

88 3561 146 3615 tres
158 3564 224 3621 teci
232 3571 345 3640 partis,
361 3574 465 3644 primo
477 3589 569 3644 quem
585 3571 626 3628 ud
639 3569 762 3626 modim
773 3564 914 3622 scissus
923 3564 1062 3628 'immixtis
1074 3578 1153 3615 mss
