2400 3824
134 176 200 241 302
284 175 490 230 Grammaticus
509 177 611 230 aetatis
631 175 821 230 Varronianae
840 175 1001 246 fragmenta

134 365 191 421 que
209 347 318 403 mirum
337 350 373 403 ut
393 346 424 403 in
442 346 519 403 hauc
536 346 699 403 multorum
723 364 825 404 sensus
843 363 903 403 non
922 344 1153 418 animadvertat,

134 453 203 492 oum
220 430 295 511 <in>
314 435 368 492 illa
387 453 465 510 quae
488 435 519 490 in
543 434 659 493 cithara
683 437 736 492 aut
758 434 835 492 tibia
856 435 1012 509 aliquanto
1031 433 1153 492 uberior

95 543 120 582 ao
135 526 192 598 ast,
222 542 310 598 saepe
333 525 433 582 totum
459 542 519 581 non
547 523 657 582 sentiat
684 526 823 581 meatum.
870 526 1026 598 praeterea
1055 525 1153 582 minus

134 613 257 687 reliquis
280 615 396 686 notam,
423 613 553 687 primum
577 612 657 687 quod
680 631 715 669 ea
738 613 778 670 sit
805 612 987 687 principium
1016 612 1153 685 aliarum,

134 704 169 760 nt
197 698 270 778 μέση
299 701 331 759 in
353 703 467 760 musica
494 701 614 760 initium
642 703 801 775 cantionis,
833 704 863 760 et
890 703 1023 759 omnium
1053 721 1153 759 rerum

134 790 222 848 initia
250 808 365 865 semper
393 790 518 848 obscura
545 790 620 865 sint,
648 790 717 848 dein
741 790 820 864 quod
848 809 934 849 omne
960 789 1094 848 medium
1122 793 1154 847 in

136 881 271 956 angustis
301 898 360 938 non
389 879 539 954 videatur,
572 882 606 937 ut
637 883 781 954 punctum
810 880 843 937 in
873 879 1010 954 quamvis
1043 897 1153 956 magno

95 988 120 1029 as
136 968 214 1041 orbe,
237 968 316 1044 quod
340 972 448 1027 vocant
470 965 600 1046 κέντρον.
646 968 762 1026 nullum
785 987 848 1027 esse
872 986 991 1043 corpus,
1016 967 1072 1026 ubi
1094 987 1154 1027 nou

136 1058 176 1116 sit
198 1057 338 1131 medium,
367 1061 397 1115 et
420 1077 537 1116 omnem
559 1076 662 1115 vocem
685 1075 791 1132 corpus
815 1075 890 1131 esse3
919 1076 1037 1115 omnem
1060 1059 1155 1134 igitur

136 1165 238 1205 vocem
257 1146 387 1204 medium
404 1146 520 1205 habere.
558 1146 635 1222 quod
658 1148 740 1228 pnim
763 1146 822 1204 fuit
845 1145 990 1220 deorsum,
1013 1149 1100 1221 prius
1123 1148 1155 1204 in

135 1234 266 1293 medium
293 1235 456 1309 succedere,
485 1254 575 1311 quam
598 1235 696 1293 evolet
718 1253 844 1307 sursum,
875 1238 904 1293 et
927 1235 1008 1310 quod
1037 1254 1155 1295 sursum

136 1326 188 1398 est,
220 1327 290 1382 ante
320 1324 423 1383 eodem
452 1327 553 1382 venire
577 1343 668 1399 quam
697 1324 846 1399 deorsum,
878 1343 970 1399 quare
997 1327 1155 1401 utriusque

96 1434 123 1472 ro
137 1412 301 1488 compitum
323 1413 453 1471 medium
472 1431 542 1473 esse.
580 1416 610 1472 et
632 1413 728 1470 multa
746 1416 901 1488 praeterea
921 1413 1013 1471 latius
1038 1414 1070 1470 in
1090 1433 1155 1472 eam

85 1577 87 1582 Ι
136 1520 198 1559 rem
218 1501 371 1578 disputata
389 1503 511 1578 profert,
535 1521 610 1577 quae
630 1522 707 1560 nunc
726 1501 810 1560 nobis
830 1503 952 1579 longum
972 1505 1018 1560 est
1036 1505 1154 1562 iterare.

138 1593 212 1650 scire
232 1591 311 1649 enim
330 1594 447 1667 oportet
469 1593 595 1650 rationis
614 1591 702 1650 huius
719 1609 820 1650 recens
843 1611 903 1650 non
925 1609 987 1650 esse
1006 1609 1154 1651 commen·

138 1684 211 1755 tum,
235 1680 287 1738 sed
311 1681 443 1738 omnium
466 1682 520 1756 qui
544 1683 612 1739 ante
630 1681 795 1739 Varronem
820 1683 850 1738 et
873 1680 1098 1755 Tyrannionem
1121 1681 1154 1738 de

136 1768 277 1844 prosodia
300 1769 414 1844 aliquid
437 1770 623 1844 reliquerunt
646 1769 790 1846 plurimos
814 1772 844 1827 et
867 1769 1048 1828 clarissimos
1067 1789 1154 1845 quos·

96 1877 122 1918 rs
139 1877 195 1933 que
227 1858 343 1917 mediae
374 1858 462 1916 huius
494 1858 597 1917 fecisse
629 1860 823 1933 mentionem,
856 1877 930 1933 quos
962 1876 1064 1918 omnes
1098 1859 1154 1918 sibi

28 1936 35 1949 ’
137 1947 229 2005 fuisse
253 1950 388 2006 auctores
411 1948 507 2006 Varro
532 1951 751 2022 commemorat,
774 1948 985 2024 grammaticos
1010 1946 1154 2007 Glaucum

139 2035 272 2094 Samium
296 2039 326 2094 et
348 2036 562 2095 Hermocraten
585 2037 706 2110 Iasium,
729 2038 802 2094 item
825 2036 1035 2112 philosophum
1060 2037 1154 2096 Theo-

51 2124 55 2133 ’
137 2125 294 2200 phrastum
321 2126 563 2201 peripateticum,
593 2129 641 2184 cui
669 2126 771 2186 divina
797 2126 940 2184 facundia
967 2145 1077 2184 nomen
1105 2127 1154 2184 ad·

139 2213 235 2288 scivit,
249 2233 304 2272 neo
317 2233 377 2272 non
392 2214 523 2272 eiusdem
538 2218 634 2274 sectae
644 2214 870 2274 Athenodorum
884 2217 994 2274 summi
1008 2215 1154 2273 acuminis

98 2321 125 2362 so
139 2305 246 2375 virum,
277 2303 328 2378 qui
352 2303 502 2378 quandam
524 2304 695 2379 prosodiam
719 2303 883 2380 μονότονον
907 2304 1050 2379 appellat,
1080 2323 1155 2379 quae

138 2391 257 2450 videtur
277 2411 336 2450 non
361 2392 420 2450 alia
444 2409 506 2450 esse
529 2411 619 2468 quam
642 2393 748 2466 media,
772 2393 843 2451 licet
866 2393 981 2452 diverso
1000 2393 1154 2452 vocabulo.

138 2499 192 2538 uec
211 2481 317 2540 desunt
336 2482 388 2556 qui
411 2480 564 2557 prosodias
587 2483 687 2557 plures
711 2500 882 2555 essequam
902 2484 1045 2556 quattuor
1068 2485 1155 2557 puta·

138 2570 245 2645 verint,
268 2574 303 2628 ut
322 2569 451 2629 Glaucus
472 2569 597 2645 Samius,
622 2590 717 2646 aquo
737 2589 786 2629 sex
805 2569 961 2646 prosodiae
981 2573 1156 2646 propositae

139 2661 209 2717 sunt
223 2658 276 2717 sub
290 2659 370 2718 hisce
384 2659 563 2735 nominibus
582 2649 721 2736 ἀνειμένη
746 2656 817 2736 μέση
842 2657 1030 2737 ἐπννεταμένη
1054 2663 1155 2718 κεκλα-

99 2767 124 2807 ss
140 2745 232 2825 σμένη
255 2745 529 2825 tornomagensi,
550 2769 566 2802 s
586 2767 615 2806 s.
654 2749 704 2806 sed
726 2748 775 2806 hio
797 2767 915 2823 qnoque
937 2767 997 2806 non
1016 2747 1157 2807 dissentit

140 2857 158 2895 a
176 2836 273 2911 uobis,
297 2856 368 2895 nam
391 2837 484 2897 cuivis
503 2857 538 2896 ex
560 2838 633 2913 ipsis
656 2837 825 2896 nominibus
848 2837 1004 2896 intellectu
1022 2838 1157 2912 proclive

141 2928 186 2983 est
208 2928 268 2984 tres
291 2926 402 3000 primas
427 2943 488 2984 esse
513 2926 662 3003 simplices
685 2930 716 2986 et
737 2945 797 2984 non
820 2925 895 2984 alias
917 2945 1009 3001 quam
1032 2927 1157 3005 βαρεῖαν

48 3013 50 3016 ’
141 3011 234 3090 μέσην
271 3009 377 3090 ὀξεῖαν,
414 3018 579 3091 postremas
615 3019 715 3074 autem
747 3018 808 3074 tres
841 3014 973 3090 duplices
1005 3018 1036 3074 et
1069 3018 1157 3092 quasi

141 3104 251 3178 species
282 3105 369 3162 unius
399 3104 505 3179 flexae,
538 3124 613 3180 quae
643 3107 688 3163 est
717 3124 824 3182 genere
854 3123 922 3162 una.
968 3104 1046 3163 hanc
1077 3106 1157 3163 enim

100 3211 126 3250 eo
140 3191 220 3250 flecti
248 3211 306 3250 non
329 3211 388 3251 uno
416 3193 503 3252 modo
528 3212 627 3252 omnes
655 3196 850 3268 putaverunt,
879 3193 1092 3254 Eratosthenes
1121 3213 1157 3252 ex

140 3284 225 3356 parte
240 3282 338 3356 priore
355 3284 443 3341 acuta
461 3282 492 3339 in
512 3301 634 3359 gravem
648 3285 850 3359 posteriorem,
870 3282 1040 3341 Theodorus
1055 3286 1156 3343 autem

141 3369 302 3445 aliquando
322 3371 411 3430 etiam
431 3391 466 3428 ex
484 3373 571 3447 gravi
592 3372 624 3430 in
643 3373 807 3430 acutiorem
825 3372 987 3430 escendere.
1024 3373 1157 3432 ceterum

144 3458 234 3517 Varro
256 3458 288 3516 in
313 3455 514 3540 utra<m>que
537 3455 695 3539 parte<m>
718 3463 832 3518 moveri
860 3460 1032 3536 arbitratur,
1060 3480 1156 3538 neque

119 3547 179 3606 doc
198 3550 294 3610 facile
312 3551 379 3613 fieri
399 3555 466 3615 siue
486 3552 600 3629 media,
622 3569 748 3627 eamque
765 3553 885 3608 acutam
901 3550 1075 3623 pierumque
1093 3569 1155 3610 esse
