2400 3824
369 886 795 991 GRAMMATICI

359 1160 553 1248 OPPIUS
586 1160 807 1248 OHARns

398 1348 437 1414 A.
461 1347 767 1414 rssrlnonmn

147 1490 191 1545 De
212 1490 301 1560 Oppio
323 1492 500 1562 pramrnatieo
523 1489 648 1546 Suetonii
670 1491 726 1544 sioe
754 1491 888 1546 Varronis
910 1492 1094 1545 testimoninm

73 1563 203 1617 habemas
241 1562 295 1632 (De
325 1562 381 1616 ina.
412 1563 462 1616 litt.
489 1568 545 1616 test.
569 1562 631 1630 33);
670 1577 748 1629 qnera
780 1562 894 1616 eundern
926 1578 980 1616 esse
1013 1568 1094 1630 atqne

77 1634 198 1703 Oppinrn
216 1651 234 1688 a
252 1633 335 1688 Festo
353 1639 531 1687 memoratam
548 1633 617 1686 miti
631 1648 796 1700 persnasnm
814 1639 853 1687 est
871 1633 915 1702 (ef.
932 1634 1094 1698 Mommsen,

75 1705 154 1759 Rem.
176 1704 298 1759 Minnio.
312 1707 370 1758 289
397 1705 462 1758 adn.
479 1708 513 1758 14
538 1710 563 1758 et
589 1705 721 1769 Miineer,
751 1703 902 1774 Qaeiienltr.
930 1704 957 1758 d.
983 1704 1039 1776 Ny.
1066 1705 1092 1758 d.

75 1778 151 1831 Ptin.
167 1793 198 1844 p.
213 1779 266 1830 364
280 1775 345 1830 aaa.
359 1777 397 1845 2).
430 1776 503 1844 qnod
520 1777 593 1829 enim
606 1790 660 1843 pro
682 1775 770 1844 Oppio
788 1778 819 1829 in
833 1775 992 1830 Farnesino
1005 1776 1095 1830 codiee

75 1848 183 1902 dnobns
197 1849 262 1902 loeis
274 1847 378 1901 tradito
394 1846 526 1915 ‘Opiitns’
545 1847 660 1900 serrtere
678 1847 774 1901 rolant
791 1847 994 1916 (Reitzenstein,
1019 1847 1093 1902 Verr.

75 1919 189 1973 Forsan.
201 1935 230 1987 p.
242 1922 278 1972 94
291 1918 357 1972 adn.
368 1919 403 1987 1),
422 1920 473 1973 etsi
488 1918 583 1986 priore
597 1919 628 1971 in
647 1918 702 1972 ioco
717 1918 763 1986 (fr.
775 1920 802 1985 1)
820 1935 883 1972 earn
896 1919 976 1988 Aelia
990 1917 1096 1973 Stilone

78 1989 165 2059 Opstii
178 2006 275 2044 nornen
286 1991 385 2057 optime
395 1990 523 2058 onomat,
536 1990 671 2058 reperitrr
680 1995 771 2044 tamen
780 1990 878 2044 Aeliae
886 2005 948 2044 enm
956 2007 1093 2060 aramma·
1121 2043 1125 2049 ,

74 2062 138 2116 tisis
161 2061 259 2115 aetatis
281 2077 385 2129 qnoque
403 2062 492 2130 panio
514 2060 668 2128 inferioris,
691 2067 723 2115 nt
746 2061 849 2116 Santra
872 2061 967 2116 Oineio
987 2059 1093 2116 Cloatio

77 2133 232 2199 Cornificio.
261 2131 329 2200 qnid
343 2138 433 2186 antem
447 2133 519 2186 inter
535 2131 653 2200 Oppiam
666 2133 875 2202 praesentationem
889 2139 914 2187 et
929 2132 957 2188 0.
975 2131 1094 2200 Oppiam

74 2221 167 2258 rernm
185 2205 341 2272 scriptorem
359 2205 475 2269 intersit,
493 2205 688 2271 incompertam
707 2209 759 2269 est;
776 2203 893 2270 fortasse
911 2211 1003 2258 tamen
1021 2219 1096 2258 nnns

75 2275 199 2342 idemqne
215 2275 321 2344 Oppias
333 2275 398 2340 fnit,
416 2276 465 2344 qni
483 2274 515 2328 de
533 2275 721 2344 qrammatiea,
740 2275 773 2328 de
790 2277 871 2330 retas
887 2276 977 2345 pestis,
997 2275 1029 2329 de
1047 2275 1095 2328 sil-

75 2347 209 2401 vestribus
227 2363 330 2414 qnoqne
353 2347 497 2400 arboribns
515 2345 651 2415 (Maerob.
667 2348 753 2411 3,18,
769 2349 794 2399 7.
818 2350 863 2412 19,
878 2350 895 2400 4
913 2348 995 2401 inata
1016 2345 1093 2400 ona-

76 2419 154 2472 tinm.
189 2417 263 2472 Ptin.
283 2418 368 2471 inrtie,
388 2418 404 2471 t.
425 2418 477 2471 XI
490 2423 516 2470 et
534 2421 576 2482 11,
590 2419 656 2485 252)
675 2417 792 2484 scripsit.

224 2597 260 2663 B.
284 2596 333 2662 IN
335 2596 507 2662 CERTAE
533 2594 655 2661 SEDIS
679 2593 954 2662 FRAGMENTA

577 2734 615 2802 1·

145 2869 329 2929 ordinarium
355 2869 505 2928 hominem
529 2867 643 2946 Oppius
667 2870 711 2928 eit
734 2869 794 2928 diei
818 2869 939 2928 solitum
964 2887 1098 2928 scurram

78 2964 108 3019 et
135 2959 313 3036 improbum,
344 2961 396 3034 qui
419 2959 535 3018 assidue
558 2958 590 3016 in
612 2958 717 3017 litibus
744 2961 921 3032 moreretur,
951 2958 988 3017 ob
1018 2977 1097 3018 esm-

77 3069 134 3126 que
159 3067 278 3108 eausam
300 3050 333 3106 in
357 3048 459 3106 ordine
483 3050 577 3106 staret
601 3047 776 3107 adeuntium
798 3051 973 3124 praetorem.

149 3149 216 3204 Fest
220 3165 250 3217 p.
261 3146 344 3213 182b,
354 3150 390 3200 32
399 3161 537 3201 ordinarium
548 3178 581 3187 -
590 3164 725 3211 praetorem
740 3148 771 3199 et
784 3145 881 3199 Aelius
891 3145 962 3200 stilo
978 3145 1025 3216 [fr.
1036 3145 1096 3215 26].

77 3219 113 3286 ef.
129 3221 211 3274 Pani.
227 3219 302 3274 Fest.
312 3235 342 3287 p.
359 3221 479 3285 183,10.

576 3370 598 3431 2

128 3493 207 3550 Mi·
224 3511 260 3566 st·
278 3495 383 3566 274⁶
400 3501 446 3559 16
471 3526 515 3550 =
548 3503 693 3581 Taranit.
723 3501 855 3564 Prisaas
879 3497 925 3571 tr·
952 3496 975 3549 1
1095 3520 1100 3525 ·
