2400 3824
134 182 200 247 406
283 181 487 237 Grammatieae
507 184 609 237 aetatis
628 183 819 238 Varronianus
838 183 1002 254 fragmenta

135 371 202 409 eum
225 352 344 427 scripsit
366 354 427 410 tres
452 355 482 410 et
502 353 611 429 viginti
634 371 726 411 annos
749 355 854 412 natum
877 353 1012 429 primum
1037 373 1158 413 eausam

134 439 238 498 iudicii
265 440 378 515 publici
405 444 499 518 egisse
523 440 703 517 Sextumque
728 442 867 500 Roseium
890 443 1052 518 parricidii
1077 462 1157 502 reum

134 529 306 588 defendisse.

207 627 274 682 Geli.
291 632 333 695 15,
347 633 395 694 28,
410 634 426 683 1
445 641 560 683 Cornelius
573 643 648 691 Nepos
666 631 695 682 et
712 645 805 682 rerum
819 629 971 683 memoriae
986 647 1047 684 non
1062 629 1156 683 indili-

133 710 201 768 gens
228 701 257 752 et
282 699 318 752 M.
339 699 479 754 Ciceronis
504 703 536 754 ut
561 700 611 766 qui
635 700 757 754 maxime
783 700 888 754 amicus
914 701 1072 754 familiaris
1095 703 1154 754 tuit.

133 771 218 836 alque
246 771 269 823 is
297 772 393 824 tamen
421 785 446 824 ln
467 785 576 825 librorum
597 787 669 834 primo
692 803 727 811 -
750 786 881 826 defendisse.
918 773 1049 840 Sequitur*
1075 773 1156 828 Gellii

132 843 270 907 refutatio.
299 843 333 908 ef.
353 843 426 898 Suet.
445 843 502 896 rell.
518 859 548 910 p.
564 847 600 896 81
620 844 655 898 R.

205 953 221 1000 3
239 948 361 1017 primum
380 951 471 1004 Paris.
490 948 610 1017 primam
628 950 685 1004 rell.

329 1162 378 1215 EX
396 1161 513 1216 LIBRIS
532 1161 580 1214 DE
598 1161 836 1216 INLUSTRIBUS
856 1163 950 1217 VIRIS

204 1305 276 1370 libri,
305 1305 353 1373 qui
375 1307 499 1374 primum
526 1321 609 1371 auro,
637 1312 669 1359 at
692 1305 809 1372 ridetur,
838 1306 946 1378 720s34
970 1307 1151 1377 (Nipperdey,

128 1376 219 1444 praef.
240 1377 277 1430 ud
297 1377 377 1431 Gora.
397 1377 467 1445 Nep.
483 1394 513 1445 p.
529 1377 622 1444 XXI)
642 1378 674 1430 ia
691 1377 789 1446 vulpes
803 1378 941 1446 propositi
958 1386 1035 1444 suat,
1056 1379 1151 1432 deinde

132 1463 230 1502 rursus
248 1447 324 1502 intra
342 1467 367 1501 a.
385 1446 651 1518 723t31-727s27
670 1448 715 1517 (ef.
729 1449 796 1502 ibid.
807 1465 837 1517 p.
853 1449 1018 1516 XXXXI)‚
1037 1451 1150 1504 sedecim

132 1519 277 1572 minimum
290 1519 405 1584 fuerunt
419 1502 465 1588 (Vr.
477 1520 513 1587 6),
527 1520 642 1585 sortasse
654 1524 751 1587 septem
761 1526 786 1573 et
795 1521 891 1585 decere,
904 1537 1023 1588 quorum
1031 1523 1149 1589 primus,

133 1589 297 1656 dividetur,
316 1591 485 1659 prooemium
508 1591 633 1644 stertire
658 1591 791 1644 Varronis
809 1591 983 1661 Imapiirihus
1007 1592 1150 1660 amplexus

133 1667 178 1727 est,
200 1661 306 1728 deiude,
329 1667 360 1714 at
377 1663 536 1715 recentiores
553 1662 711 1716 existimarit
734 1663 779 1729 (et.
800 1663 932 1717 Wissowa
947 1662 1012 1716 RE
1029 1667 1057 1728 4,
1074 1667 1147 1717 1412.

134 1733 283 1786 Peterin.
300 1750 329 1801 p.
345 1732 428 1798 LV),
452 1734 490 1786 ΙΙ
504 1739 530 1786 et
546 1733 603 1786 III
621 1749 703 1802 repes,
726 1734 811 1787 IVet
830 1734 963 1799 Veteres,
989 1735 1033 1788 VI
1049 1740 1077 1788 et
1097 1734 1152 1788 VII

128 1809 233 1872 poetas,
258 1805 335 1857 VIII
346 1810 371 1857 et
385 1806 430 1858 IX
445 1810 573 1869 oratores,
597 1804 628 1856 X
641 1811 666 1857 et
679 1804 730 1856 XI
743 1805 924 1872 philosophos,
948 1805 1019 1859 XII
1028 1812 1055 1858 et
1071 1805 1152 1860 XIII

132 1875 280 1942 historicos,
300 1875 351 1928 XI
354 1876 381 1929 V
390 1881 414 1929 et
429 1875 459 1927 X
465 1875 491 1928 V
505 1877 704 1945 prurrrrratieos,
724 1875 803 1928 XVI
819 1883 844 1930 et
861 1877 955 1929 XVII
969 1877 1097 1931 rhetores.

582 2029 600 2082 4
625 2019 696 2103 [14]

199 2151 247 2208 tib.
259 2151 356 2208 XIII,
380 2151 457 2208 iuste
469 2155 652 2225 venusteque
667 2149 827 2209 admodum
840 2149 1065 2225 reprehendisse
1078 2151 1148 2210 dioi-

132 2242 182 2297 tur
196 2239 307 2296 Aulum
325 2239 468 2298 Albinum
486 2239 525 2296 M.
542 2239 625 2298 Cato.
662 2239 798 2312 Albinus,
818 2241 870 2314 qui
889 2257 954 2297 eum
973 2239 1006 2297 L.
1022 2238 1148 2298 Lucullo

132 2328 235 2387 eonsul
258 2327 326 2401 fuit,
348 2346 394 2387 res
418 2328 568 2387 Romanas
592 2330 725 2386 oratione
750 2326 863 2386 Graeca
885 2328 1079 2402 scriptitavit.
1120 2330 1149 2386 in

133 2419 195 2476 eius
225 2417 367 2477 historiae
397 2418 544 2492 principio
576 2414 625 2492 [fr.
648 2411 728 2496 rh]
760 2419 905 2492 seriptum
933 2419 977 2474 est
1005 2417 1045 2475 ad
1073 2419 1149 2476 hano

105 2507 323 2565 ssententiam:
346 2509 494 2565 neminem
517 2524 683 2565 suscensere
708 2506 765 2564 sibi
788 2507 952 2580 convenire,
976 2507 1097 2582 siquid
1120 2507 1149 2565 in

131 2596 178 2653 his
196 2595 281 2656 libris
299 2615 406 2671 parum
430 2596 592 2670 composite
612 2596 780 2653 autminus
804 2595 954 2672 eleganter
972 2597 1038 2653 tum
1057 2598 1148 2672 serip-

132 2688 196 2743 tum
219 2685 311 2758 foret3
345 2679 431 2743 ‘nam
454 2679 536 2744 sum'
568 2685 668 2760 inquit
701 2679 804 2742 ‘homo
828 2684 979 2742 Romanus
1002 2687 1096 2744 natus
1119 2687 1148 2742 in

131 2772 233 2847 Latio,
270 2772 382 2832 Graeca
414 2776 510 2833 oratio
538 2793 556 2831 a
583 2767 668 2831 nobis
702 2773 883 2832 alienissima
916 2767 986 2844 est’;
1021 2775 1148 2850 ideoque

131 2863 250 2920 veniam
282 2865 470 2938 gratiamque
501 2863 599 2921 melae
631 2861 872 2934 existimationis
909 2863 935 2920 si
965 2862 1039 2936 quid
1074 2865 1149 2922 esset

92 2967 118 3005 10
132 2954 272 3024 erratum,
295 2952 468 3026 postulavit.
506 2970 627 3010 ea‘eum
645 2951 766 3027 legisset
784 2951 823 3009 M.
845 2949 931 3009 Cato:
956 2945 1004 3008 ‘ne
1023 2947 1082 3026 tu'‚
1106 2953 1147 3010 in·

133 3039 199 3114 quit
230 3035 329 3114 ‘Aula
362 3042 490 3098 nimium
523 3045 654 3116 nugator
684 3057 727 3114 es,
763 3057 829 3098 curn
859 3039 992 3098 maluisti
1028 3041 1148 3118 eulpam

132 3128 285 3204 deprecari
304 3149 393 3204 quam
413 3130 501 3205 eulpa
519 3147 633 3187 vaeare.
672 3148 742 3186 narn
759 3131 859 3203 petere
881 3128 999 3186 veniam
1019 3130 1148 3189 solemus

133 3220 185 3274 aut
215 3237 281 3276 eum
310 3219 502 3293 inprudentes
533 3220 695 3276 erravimus
726 3221 779 3275 aut
809 3235 876 3275 eum
906 3219 1052 3292 eompulsi
1083 3238 1148 3295 peo-

132 3306 272 3365 oavimus.
309 3301 360 3382 ἴθ’,
390 3301 490 3382 inquit
519 3302 582 3365 ‘oro
605 3311 648 3380 te,
679 3308 745 3382 quis
772 3307 917 3387 perpulit,
947 3309 981 3363 ut
1008 3307 1040 3364 id
1071 3326 1148 3366 oom-

91 3396 277 3470 remitteres,
310 3396 389 3471 quod
418 3398 592 3470 priusquam
622 3397 746 3469 faceres,
778 3399 893 3470 peteres
920 3396 956 3454 ut
982 3394 1149 3472 ignoscere·

148 3562 151 3567 Ι
183 3480 218 3544 ²?
252 3485 402 3566 seriptum
428 3475 485 3547 hoe
513 3488 558 3546 est
583 3485 617 3543 in
644 3484 721 3543 libro
746 3482 866 3543 Corneli
888 3485 1014 3560 Nepotis
1043 3485 1080 3544 de
1104 3490 1150 3545 in-

196 3577 263 3642 'bus
289 3581 366 3643 viris
388 3579 477 3642 XIII.
