2400 3824
126 171 191 236 396
276 172 482 226 Grammaticus
501 171 602 226 6616116
621 170 812 225 Varronianae
830 169 992 241 fragmenta

87 359 113 401 ra
126 341 281 416 prolixis
312 344 418 416 atque
444 342 627 416 prosperis
651 339 805 398 animum
828 340 1007 399 excellere
1036 343 1151 416 atquo

128 429 332 505 superbiam
363 434 472 505 atque
502 430 673 488 ferocium
706 448 897 507 augescere
929 432 1043 504 atque
1076 449 1148 488 cre-

128 537 234 579 scere.
286 537 353 595 quo
383 519 471 576 mihi
503 537 594 577 nunc
626 538 774 596 magnae
807 537 911 577 curae
943 522 1016 592 est,
1055 502 1149 594 quod

127 609 214 667 haec
236 626 291 666 166
318 611 391 666 tam
414 608 567 666 secunde
597 609 790 684 processit,
819 626 860 665 116
889 606 975 683 quid
1004 609 1043 666 in
1068 627 1148 666 con·

128 697 277 756 sulendo
306 696 451 756 6116161
482 697 639 770 eveniat,
671 697 764 772 quod
793 699 939 756 nostras
969 697 1149 756 secundas

89 805 184 845 rores
212 786 392 860 confutet,
422 804 508 844 11616
535 786 621 844 haec
649 786 797 844 laetitia
823 788 930 844 nimis
958 787 1148 846 luxuriose

130 877 284 934 eveniat.
330 875 504 934 advorsae
534 894 589 934 res
620 875 786 933 edomant
816 878 850 934 et
880 874 1027 950 docent,
1062 875 1147 951 quid

130 982 217 1039 opus
237 966 307 1023 siet
324 965 436 1038 facto,
460 964 636 1023 secundae
655 981 710 1022 res
729 963 877 1023 laetitia
896 967 1146 1023 transvorsum

129 1053 274 1111 trudere
303 1053 421 1110 solent
444 1055 581 1110 616616
610 1053 830 1112 consulendo
859 1055 968 1128 atque
999 1053 1147 1112 intelle-

130 1142 252 1218 gendo.
286 1161 353 1216 quo
372 1143 505 1200 maiore
525 1161 630 1217 opere
648 1142 726 1201 dico
746 1142 968 1217 suadeoque,
987 1145 1045 1201 uti
1064 1143 1148 1201 haec

91 1249 185 1290 16166
209 1231 352 1306 aliquot
375 1230 450 1290 dies
473 1232 695 1306 proferatur,
725 1231 804 1288 dum
827 1249 867 1288 61
889 1234 994 1290 tanto
1016 1232 1150 1309 gaudio

131 1321 166 1377 in
196 1322 417 1394 potestatem
449 1323 607 1378 nostram
640 1315 850 1380 redeamus’.
897 1339 988 1396 quae
1018 1320 1148 1378 deinde

132 1408 219 1468 (lato
247 1410 349 1467 iuxta
377 1408 480 1484 dicit,
508 1428 548 1468 ea
574 1410 675 1485 inquit
703 1409 965 1468 confessionem
992 1409 1150 1484 faciunt,

131 1517 199 1556 non
234 1497 493 1573 defensionem,
530 1517 642 1573 neque
678 1499 992 1574 propulsationem
1030 1502 1148 1558 116116·

131 1587 351 1645 16116161116
365 1589 527 1646 criminis
541 1586 688 1660 habent,
706 1587 765 1646 661
780 1606 856 1645 cum
874 1587 1046 1664 pluribus
1065 1589 1151 1646 61116

92 1676 505 1749 socommunicationem,
529 1677 620 1751 quod
645 1678 790 1735 scilicet
808 1676 901 1734 nihil
924 1677 967 1734 61
990 1696 1149 1754 purgan-

133 1765 212 1823 dum
245 1768 306 1823 est.
354 1768 461 1841 atque
494 1766 603 1824 etiam
634 1768 735 1841 inquit
766 1768 914 1840 insuper
945 1767 1151 1841 profitetur

132 1854 365 1927 Rodienses,
408 1855 473 1929 qui
511 1855 790 1929 accusabantur,
832 1854 931 1930 quod
972 1855 1150 1915 61161666

133 1943 305 2019 populum
324 1943 517 2002 Romanum
535 1946 612 2021 regi
635 1943 748 2022 magis
768 1945 951 2020 cupierint
968 1945 1149 2003 faverint·

134 2052 213 2107 que,
244 2033 279 2090 id
303 2051 359 2092 eos
388 2034 530 2108 cupisse
559 2038 667 2109 atque
695 2033 830 2092 favisse
858 2032 1042 2092 utilitatis
1068 2052 1150 2092 suae

93 2139 118 2178 ,16
134 2121 267 2197 316116,
299 2140 340 2178 ne
371 2122 520 2181 Romani
549 2122 655 2182 Perse
688 2141 827 2197 quoque
859 2141 943 2199 1636
974 2123 1077 2182 11616
1110 2121 1149 2180 61

134 2210 338 2284 superbiam
367 2211 612 2286 ferociamque
635 2214 669 2269 61
691 2211 909 2270 inmodicum
931 2211 1075 2290 modum
1098 2211 1148 2270 in·

134 2298 362 2358 solescerent.
401 2318 493 2374 eaque
515 2301 582 2375 ipsa
606 2299 696 2357 verba
719 2303 812 2376 ponit,
836 2300 880 2358 ita
902 2302 937 2358 ut
958 2299 1040 2358 infra
1061 2303 1149 2376 scrip·

133 2392 199 2447 tum
220 2381 368 2467 [V2J.]:
389 2384 512 2464 ‘atque
531 2407 595 2466 636
615 2389 757 2464 quidem
776 2389 935 2448 arbitror
951 2389 1151 2448 Rodienses

134 2477 296 2536 noluisse
318 2496 381 2536 nos
410 2480 464 2535 116
488 2479 705 2556 depugnare,
735 2479 791 2535 uti
815 2479 1062 2556 depugnatum
1086 2481 1150 2551 661,

94 2586 247 2642 conoque
283 2586 402 2644 regem
436 2566 567 2625 Persen
603 2568 709 2626 vinci.
756 2567 817 2625 sed
852 2586 921 2624 non
953 2566 1151 2626 Rodienses

135 2656 235 2714 modo
253 2656 289 2714 id
308 2657 467 2731 noluere,
486 2657 546 2715 sed
564 2656 696 2714 multos
715 2656 868 2732 populos
890 2660 997 2732 atque
1016 2657 1149 2716 multas

135 2744 300 2804 nationes
328 2746 420 2803 idem
448 2745 608 2804 noluisse
636 2745 796 2804 arbitror
823 2749 931 2820 atque
958 2745 1050 2804 haut
1078 2747 1152 2805 scio

137 2852 178 2892 sn
206 2835 340 2909 partim
370 2852 489 2892 eorum
519 2835 670 2908 fuerint,
703 2835 765 2909 qui
794 2853 863 2892 non
892 2836 1040 2892 nostrae
1071 2853 1151 2894 con·

136 2923 307 2980 tumeliae
331 2941 438 2981 661166
460 2923 496 2980 11
519 2923 704 2982 noluerint
728 2923 886 2998 evenire,
916 2922 975 2981 sed
999 2925 1095 2982 enim
1117 2923 1152 2982 id

95 3014 307 3085 remetuere,
334 3007 417 3088 <116>
440 3013 472 3069 61
493 3031 592 3070 nemo
621 3015 715 3071 esset
741 3012 856 3086 homo,
885 3031 986 3086 quem
1009 3031 1153 3072 161616·

136 3119 224 3173 mur,
258 3100 434 3175 quidquid
465 3100 617 3174 luberet,
649 3102 856 3159 faceremus.
907 3119 948 3158 116
980 3101 1044 3160 sub
1076 3103 1153 3161 solo

136 3189 288 3263 imperio
312 3191 435 3248 nostro
458 3191 495 3246 in
518 3192 696 3248 servitute
724 3193 850 3248 nostra
878 3194 1010 3264 essent,
1041 3191 1153 3250 liber-

136 3279 227 3336 tatis
255 3296 338 3336 suae
367 3296 473 3337 causa
500 3280 536 3335 in
564 3298 603 3336 ea
631 3281 814 3337 sententia
840 3279 953 3337 fuisse
982 3280 1154 3339 arbitror.

138 3371 244 3442 atque
268 3366 464 3426 Rodienses
488 3370 606 3425 tamen
629 3368 758 3426 Persen
787 3367 933 3443 publice
961 3388 1153 3444 numquam

86 3475 117 3515 co
130 3456 313 3517 adiuvere.
353 3456 527 3536 66311616,
548 3461 682 3534 quanto
700 3475 762 3515 nos
782 3458 958 3514 internos
976 3459 1152 3533 privatim

116 3550 271 3612 cautius
294 3551 466 3612 facimus
519 3569 603 3610 nam
629 3565 724 3606 unus
751 3547 901 3622 duisme
921 3548 1100 3621 nostrum,
1124 3545 1151 3606 61
