2400 3824
417 184 566 240 Volcacius
586 184 730 256 Sedigitas

110 374 188 413 eum
210 373 285 414 meo
308 355 444 413 iudicio
469 373 624 413 errorem
648 353 844 413 dissolvam
867 353 949 431 tibi,

109 448 149 502 ut
172 448 298 503 contra
321 445 352 503 si
375 445 455 519 quis
479 445 616 502 sentiat
638 443 732 501 nihil
756 443 901 502 sentiat.

111 531 273 593 Caecilio
296 534 449 608 palmam
475 533 593 591 Statio
617 532 659 591 do
683 534 838 608 mimice,
1112 566 1123 604 5

109 622 263 681 Plautus
287 621 462 682 secundus
485 622 597 680 facile
621 624 816 697 exsuperat
839 623 994 696 ceteros3

110 712 192 771 dein
216 711 388 786 Naevius,
412 713 473 786 qui
496 711 626 782 fervet,
649 710 769 785 pretio
792 710 828 768 in
851 709 1017 784 tertiost3

109 801 140 860 si
163 800 234 859 erit
258 799 349 876 quod
373 803 503 876 quarto
527 800 639 874 detur,
664 799 811 858 dabitur
833 799 990 874 Licini03
1028 819 1032 827 ·

109 893 192 965 post
215 889 358 964 insequi
381 889 563 947 Licinium
586 890 682 948 facio
705 887 878 962 Atilium3

109 980 147 1036 in
170 981 270 1038 sexto
294 982 536 1054 consequetur
559 978 621 1036 hos
646 978 852 1050 Terentina,
1100 1010 1125 1048 10

110 1068 299 1144 Turpilius
320 1067 525 1142 septimum,
544 1066 683 1125 Trabea
698 1070 865 1125 octavum
884 1067 1040 1142 optinet3

110 1175 204 1216 nono
227 1157 305 1215 loco
329 1175 406 1215 esse
429 1156 540 1214 facile
564 1157 659 1214 facio
683 1156 864 1229 Luscium,

110 1246 285 1305 decimum
309 1244 397 1304 addo
422 1263 529 1304 eausa
553 1246 793 1321 antiquitatis
816 1245 978 1303 Ennium.

140 1353 207 1408 Geli.
225 1357 267 1420 15,
281 1356 318 1406 24
337 1351 480 1422 Sedigitus
506 1352 536 1405 in
561 1352 647 1420 libro,
676 1369 758 1419 quem
784 1353 898 1420 scripsit
923 1352 959 1406 de
984 1353 1085 1421 poetis,

62 1424 134 1491 quid
154 1424 190 1477 de
208 1424 252 1477 his
271 1424 384 1489 sentiat,
403 1424 452 1491 qui
471 1424 630 1478 comoedias
648 1423 784 1491 fecerunt,
803 1425 832 1477 et
850 1439 934 1491 quem
948 1440 982 1477 ex
996 1424 1086 1478 omni-

61 1495 117 1548 bus
136 1497 281 1564 praestare
299 1495 399 1548 ceteris
418 1497 500 1563 putet
519 1512 551 1548 ac
571 1495 715 1562 deinceps,
739 1513 794 1562 quo
817 1511 956 1562 quemque
974 1495 1005 1548 in
1024 1494 1085 1549 loco

63 1569 94 1620 et
112 1567 217 1621 honore
236 1568 331 1635 ponat,
350 1565 395 1619 his
414 1566 539 1620 versibus
557 1566 614 1619 suis
630 1567 816 1620 demonstret:
835 1582 965 1621 mulsos-
980 1581 1085 1620 annium.

140 1663 154 1709 1
173 1656 301 1708 videmus
319 1673 360 1724 op.
430 1662 447 1708 4
466 1655 507 1708 nil
526 1673 567 1726 ep.
631 1661 646 1708 5
666 1655 806 1709 dominico
821 1657 913 1710 Perta.
931 1656 1003 1710 Voss.
1019 1656 1084 1709 Lat.

64 1727 121 1780 Fr
136 1727 172 1781 do
188 1727 324 1780 cominico
340 1727 412 1782 Voss.
428 1727 492 1781 Lat.
507 1727 538 1781 F
547 1731 600 1780 112
618 1727 654 1780 do
670 1727 775 1781 comico
789 1729 859 1781 rell:
879 1745 927 1781 coe.
942 1729 963 1780 Ι
967 1726 1084 1782 Grecos.

64 1800 198 1853 7servet:
214 1816 261 1851 em.
277 1799 335 1852 edd.
351 1805 411 1853 cett.
427 1797 657 1866 servetpretium
667 1798 782 1851 tertiust
792 1799 905 1852 Ritschl.
962 1797 1085 1852 9licium

65 1871 204 1940 Mapliub.
216 1871 314 1939 Recio.
325 1874 379 1923 597
449 1875 482 1922 10
493 1869 684 1936 consequitur:
700 1887 748 1922 em.
759 1871 889 1924 Pithoeus
953 1875 986 1922 13
997 1871 1084 1936 antiq.

62 1959 162 1995 causa:
183 1948 286 2009 trausp.
305 1958 347 2011 ep.

519 2122 559 2176 μ
584 2113 632 2197 [5]

132 2242 209 2301 Suet.
229 2245 277 2301 eit.
299 2243 362 2300 Ter.
383 2268 425 2290 =
446 2244 542 2302 Varro
564 2245 603 2316 fr.
619 2245 688 2301 301
730 2242 887 2301 Volcacius
907 2246 1007 2301 autem
1026 2262 1085 2302 non

62 2333 161 2392 solum
182 2332 297 2391 Naevio
317 2335 347 2391 et
365 2331 474 2390 Plauto
499 2336 528 2391 et
548 2331 687 2406 Caecilio,
711 2332 763 2391 sed
781 2331 897 2392 Licinio
919 2350 1036 2408 quoque
1056 2335 1086 2391 et

61 2422 161 2480 Atilio
185 2422 339 2496 postponit
363 2415 567 2499 [Terentium]

528 2619 550 2676 2
574 2610 622 2696 [4]

133 2745 295 2800 sumetur
317 2741 459 2817 Hecyra
482 2743 583 2800 sexta
606 2740 713 2799 exilis
736 2740 862 2798 fabula
901 2746 903 2750 ‘

137 2841 210 2896 see.
230 2841 276 2894 eit.
300 2840 357 2895 Ter.
373 2866 407 2885 =
428 2841 516 2895 Varro
534 2840 570 2906 fr.
587 2840 624 2893 td.
657 2838 807 2893 Volcacius
826 2840 856 2892 in
875 2839 1085 2894 enumeratione

62 2912 190 2968 omnium
211 2911 252 2964 ita
272 2933 317 2965 -:
341 2929 441 2966 sumetur
455 2943 488 2951 -
502 2926 589 2966 fasma.
618 2912 683 2966 eda.
704 2913 763 2966 crit.
782 2912 817 2977 cf.
837 2912 875 2965 ed
895 2913 974 2967 Verr.
994 2914 1012 2967 l.
1027 2928 1048 2966 c.

530 3119 550 3174 3
575 3109 623 3194 [2]

109 3241 173 3301 sed
196 3242 236 3300 ut
258 3240 345 3299 Afer
367 3241 501 3316 populo
525 3259 583 3298 sex
608 3239 708 3299 dedit
732 3240 951 3312 comoediae,

108 3333 182 3390 iter
205 3329 287 3388 hinc
310 3332 346 3388 in
368 3329 493 3388 Asiam
515 3330 620 3388 fecit:
639 3332 679 3387 ut
702 3348 828 3388 navem
851 3329 960 3387 semel

109 3418 335 3494 conscendit,
354 3418 453 3478 visus
472 3437 661 3495 numquam
677 3421 749 3479 est:
767 3420 823 3480 sio
838 3419 1060 3478 ritauacat.

129 3518 202 3570 Suet.
223 3517 267 3569 eit.
289 3517 347 3569 ser.
373 3542 408 3562 =
436 3517 524 3576 Verre
547 3520 588 3589 fr.
608 3522 650 3578 id.
678 3522 717 3579 de
744 3524 842 3579 morte
871 3521 939 3575 eius
964 3507 1138 3588 &Taras-tid

54 3584 199 3637 Volcacius
214 3585 257 3635 sie
275 3587 376 3642 mdit:
394 3605 437 3645 sed
452 3610 479 3647 ut
495 3625 530 3635 -
547 3615 625 3654 vacet.
669 3599 744 3657 adn.
764 3600 834 3657 crit.
854 3595 899 3665 Cf.
914 3591 958 3649 (td
975 3581 1111 3646 Vutss-
1125 3590 1152 3625 Ε·

875 3687 917 3744 ὃ*
