<?xml version="1.0" encoding="UTF-8"?>
<!DOCTYPE html PUBLIC "-//W3C//DTD XHTML 1.0 Transitional//EN"
    "http://www.w3.org/TR/xhtml1/DTD/xhtml1-transitional.dtd">
<html xmlns="http://www.w3.org/1999/xhtml" xml:lang="en" lang="en">
 <head>
  <title>
</title>
<meta http-equiv="Content-Type" content="text/html;charset=utf-8" />
  <meta name='ocr-system' content='tesseract 3.04.00' />
  <meta name='ocr-capabilities' content='ocr_page ocr_carea ocr_par ocr_line ocrx_word'/>
</head>
<body>
  <div class='ocr_page' id='page_1' title='image "./grammaticaeroma02funagoog_0359.png"; bbox 0 0 2400 3824; ppageno 0'>
   <div class='ocr_carea' id='block_1_1' title="bbox 131 212 996 282">
    <p class='ocr_par' dir='ltr' id='par_1_1' title="bbox 131 212 996 282">
     <span class='ocr_line' id='line_1_1' title="bbox 131 212 996 282; baseline -0.009 -10"><span class='ocrx_word' id='word_1_1' title='bbox 131 215 198 280; x_wconf 79' lang='grc'>324</span> <span class='ocrx_word' id='word_1_2' title='bbox 281 214 488 270; x_wconf 78' lang='lat' dir='ltr'>Grammaticus</span> <span class='ocrx_word' id='word_1_3' title='bbox 507 214 609 269; x_wconf 81' lang='lat' dir='ltr'>aetatis</span> <span class='ocrx_word' id='word_1_4' title='bbox 628 213 819 267; x_wconf 84' lang='lat' dir='ltr'>Varronianae</span> <span class='ocrx_word' id='word_1_5' title='bbox 836 212 996 282; x_wconf 79' lang='lat' dir='ltr'>fragmenta</span> 
     </span>
    </p>
   </div>
   <div class='ocr_carea' id='block_1_2' title="bbox 128 373 1152 576">
    <p class='ocr_par' dir='ltr' id='par_1_2' title="bbox 128 373 1152 576">
     <span class='ocr_line' id='line_1_2' title="bbox 201 373 1151 446; baseline -0.006 -16"><span class='ocrx_word' id='word_1_6' title='bbox 201 383 217 429; x_wconf 75' lang='lat'><strong>2</strong></span> <span class='ocrx_word' id='word_1_7' title='bbox 235 377 349 446; x_wconf 85' lang='lat' dir='ltr'>imperii</span> <span class='ocrx_word' id='word_1_8' title='bbox 363 379 547 444; x_wconf 81' lang='lat' dir='ltr'>terarumque</span> <span class='ocrx_word' id='word_1_9' title='bbox 561 391 791 446; x_wconf 78' lang='lat' dir='ltr'>poganarnmque</span> <span class='ocrx_word' id='word_1_10' title='bbox 805 373 861 427; x_wconf 85' lang='lat' dir='ltr'>fuit</span> <span class='ocrx_word' id='word_1_11' title='bbox 874 388 989 428; x_wconf 90' lang='lat' dir='ltr'>numero</span> <span class='ocrx_word' id='word_1_12' title='bbox 1004 389 1071 426; x_wconf 89' lang='lat' dir='ltr'>cnm</span> <span class='ocrx_word' id='word_1_13' title='bbox 1087 389 1151 426; x_wconf 91' lang='lat' dir='ltr'>cnm</span> 
     </span>
     <span class='ocr_line' id='line_1_3' title="bbox 128 445 1152 518; baseline -0.003 -17"><span class='ocrx_word' id='word_1_14' title='bbox 128 448 180 502; x_wconf 88' lang='lat' dir='ltr'>hec</span> <span class='ocrx_word' id='word_1_15' title='bbox 201 449 288 504; x_wconf 77' lang='lat' dir='ltr'>Oxou.</span> <span class='ocrx_word' id='word_1_16' title='bbox 387 454 403 500; x_wconf 76' lang='lat'>4</span> <span class='ocrx_word' id='word_1_17' title='bbox 422 449 610 517; x_wconf 78' lang='lat' dir='ltr'>descriptione</span> <span class='ocrx_word' id='word_1_18' title='bbox 635 449 720 503; x_wconf 82' lang='lat' dir='ltr'>Vatic.</span> <span class='ocrx_word' id='word_1_19' title='bbox 736 448 835 518; x_wconf 73' lang='lat' dir='ltr'>Repin.</span> <span class='ocrx_word' id='word_1_20' title='bbox 851 447 916 500; x_wconf 84' lang='lat' dir='ltr'>Lot.</span> <span class='ocrx_word' id='word_1_21' title='bbox 932 449 1006 499; x_wconf 77' lang='grc'>1196</span> <span class='ocrx_word' id='word_1_22' title='bbox 1025 445 1152 512; x_wconf 81' lang='lat' dir='ltr'>(Dresd.)</span> 
     </span>
     <span class='ocr_line' id='line_1_4' title="bbox 128 520 545 576; baseline 0.005 -4"><span class='ocrx_word' id='word_1_23' title='bbox 128 525 181 574; x_wconf 80' lang='lat' dir='ltr'>-ne</span> <span class='ocrx_word' id='word_1_24' title='bbox 203 520 289 576; x_wconf 78' lang='lat' dir='ltr'>Oeen.</span> <span class='ocrx_word' id='word_1_25' title='bbox 381 520 437 572; x_wconf 87' lang='lat' dir='ltr'>sint</span> <span class='ocrx_word' id='word_1_26' title='bbox 458 520 545 575; x_wconf 81' lang='lat' dir='ltr'>Oxou.</span> 
     </span>
    </p>
   </div>
   <div class='ocr_carea' id='block_1_3' title="bbox 200 639 1152 713">
    <p class='ocr_par' dir='ltr' id='par_1_3' title="bbox 200 639 1152 713">
     <span class='ocr_line' id='line_1_5' title="bbox 200 639 1152 713; baseline -0.003 -15"><span class='ocrx_word' id='word_1_27' title='bbox 200 646 267 713; x_wconf 82' lang='lat' dir='ltr'>quid</span> <span class='ocrx_word' id='word_1_28' title='bbox 285 647 357 700; x_wconf 76' lang='lat' dir='ltr'>iuter</span> <span class='ocrx_word' id='word_1_29' title='bbox 372 647 522 700; x_wconf 80' lang='lat' dir='ltr'>Varronem</span> <span class='ocrx_word' id='word_1_30' title='bbox 539 652 564 700; x_wconf 88' lang='lat' dir='ltr'>et</span> <span class='ocrx_word' id='word_1_31' title='bbox 585 647 766 699; x_wconf 76' lang='lat' dir='ltr'>Terentianus</span> <span class='ocrx_word' id='word_1_32' title='bbox 784 639 967 704; x_wconf 74' lang='grc' dir='ltr'><strong><em>διδασκαλίας</em></strong></span> <span class='ocrx_word' id='word_1_33' title='bbox 981 643 1095 696; x_wconf 73' lang='lat' dir='ltr'>intersit</span> <span class='ocrx_word' id='word_1_34' title='bbox 1107 641 1152 695; x_wconf 88' lang='lat' dir='ltr'>od.</span> 
     </span>
    </p>
   </div>
   <div class='ocr_carea' id='block_1_4' title="bbox 125 715 1151 927">
    <p class='ocr_par' dir='ltr' id='par_1_4' title="bbox 125 715 1151 927">
     <span class='ocr_line' id='line_1_6' title="bbox 128 715 1151 786; baseline -0.006 -15"><span class='ocrx_word' id='word_1_35' title='bbox 128 717 205 786; x_wconf 70' lang='lat' dir='ltr'>apeed</span> <span class='ocrx_word' id='word_1_36' title='bbox 222 718 367 783; x_wconf 71' lang='lat' dir='ltr'>Deiauko,</span> <span class='ocrx_word' id='word_1_37' title='bbox 387 717 439 771; x_wconf 85' lang='lat' dir='ltr'>Rh.</span> <span class='ocrx_word' id='word_1_38' title='bbox 460 719 536 771; x_wconf 79' lang='lat' dir='ltr'>Mae.</span> <span class='ocrx_word' id='word_1_39' title='bbox 550 720 589 770; x_wconf 83' lang='lat'>20</span> <span class='ocrx_word' id='word_1_40' title='bbox 603 718 698 785; x_wconf 71' lang='grc'>(1860)</span> <span class='ocrx_word' id='word_1_41' title='bbox 708 733 739 784; x_wconf 87' lang='lat' dir='ltr'>p.</span> <span class='ocrx_word' id='word_1_42' title='bbox 755 720 855 783; x_wconf 78' lang='lat' dir='ltr'>570sq.</span> <span class='ocrx_word' id='word_1_43' title='bbox 869 718 905 768; x_wconf 83' lang='lat'>21</span> <span class='ocrx_word' id='word_1_44' title='bbox 920 715 1014 784; x_wconf 84' lang='grc'>(1866)</span> <span class='ocrx_word' id='word_1_45' title='bbox 1028 731 1061 782; x_wconf 81' lang='lat' dir='ltr'>p.</span> <span class='ocrx_word' id='word_1_46' title='bbox 1071 717 1151 781; x_wconf 69' lang='lat' dir='ltr'>ddsq.</span> 
     </span>
     <span class='ocr_line' id='line_1_7' title="bbox 125 787 1151 927; baseline -0.005 -85"><span class='ocrx_word' id='word_1_47' title='bbox 125 788 314 927; x_wconf 49' lang='lat' dir='ltr'>{figgrm&#39;</span> <span class='ocrx_word' id='word_1_48' title='bbox 340 790 472 843; x_wconf 78' lang='lat' dir='ltr'>Mnemos.</span> <span class='ocrx_word' id='word_1_49' title='bbox 491 793 530 843; x_wconf 88' lang='grc'>22</span> <span class='ocrx_word' id='word_1_50' title='bbox 549 790 641 858; x_wconf 82' lang='grc'>(1894)</span> <span class='ocrx_word' id='word_1_51' title='bbox 656 805 686 855; x_wconf 85' lang='lat' dir='ltr'>p.</span> <span class='ocrx_word' id='word_1_52' title='bbox 702 791 764 842; x_wconf 83' lang='grc'>176.</span> <span class='ocrx_word' id='word_1_53' title='bbox 801 804 889 855; x_wconf 78' lang='lat' dir='ltr'>supra</span> <span class='ocrx_word' id='word_1_54' title='bbox 907 787 952 840; x_wconf 89' lang='lat' dir='ltr'>De</span> <span class='ocrx_word' id='word_1_55' title='bbox 969 787 1041 840; x_wconf 78' lang='lat' dir='ltr'>actis</span> <span class='ocrx_word' id='word_1_56' title='bbox 1060 801 1151 839; x_wconf 76' lang='lat' dir='ltr'>scaea.</span> 
     </span>
    </p>
   </div>
   <div class='ocr_carea' id='block_1_5' title="bbox 602 976 669 1037">
    <p class='ocr_par' dir='ltr' id='par_1_5' title="bbox 602 976 669 1037">
     <span class='ocr_line' id='line_1_8' title="bbox 602 976 669 1037; baseline 0.075 -4"><span class='ocrx_word' id='word_1_57' title='bbox 602 976 669 1037; x_wconf 68' lang='lat'>308,</span> 
     </span>
    </p>
   </div>
   <div class='ocr_carea' id='block_1_6' title="bbox 128 1083 1153 1345">
    <p class='ocr_par' dir='ltr' id='par_1_6' title="bbox 128 1083 1153 1345">
     <span class='ocr_line' id='line_1_9' title="bbox 195 1083 1153 1169; baseline -0.001 -22"><span class='ocrx_word' id='word_1_58' title='bbox 195 1090 303 1148; x_wconf 80' lang='lat' dir='ltr'><strong>Antias</strong></span> <span class='ocrx_word' id='word_1_59' title='bbox 327 1084 446 1169; x_wconf 69' lang='lat'><strong><em>[551³]</em></strong></span> <span class='ocrx_word' id='word_1_60' title='bbox 471 1095 502 1148; x_wconf 90' lang='lat' dir='ltr'>et</span> <span class='ocrx_word' id='word_1_61' title='bbox 521 1091 617 1149; x_wconf 90' lang='lat' dir='ltr'>Varro</span> <span class='ocrx_word' id='word_1_62' title='bbox 641 1095 671 1149; x_wconf 89' lang='lat' dir='ltr'>et</span> <span class='ocrx_word' id='word_1_63' title='bbox 693 1090 799 1150; x_wconf 87' lang='lat' dir='ltr'>Livius</span> <span class='ocrx_word' id='word_1_64' title='bbox 822 1090 933 1147; x_wconf 86' lang='lat' dir='ltr'>relatos</span> <span class='ocrx_word' id='word_1_65' title='bbox 956 1106 1020 1148; x_wconf 85' lang='lat' dir='ltr'>esse</span> <span class='ocrx_word' id='word_1_66' title='bbox 1046 1083 1153 1167; x_wconf 79' lang='lat' dir='ltr'>[quur-</span> 
     </span>
     <span class='ocr_line' id='line_1_10' title="bbox 128 1173 1152 1258; baseline 0 -21"><span class='ocrx_word' id='word_1_67' title='bbox 128 1183 171 1237; x_wconf 86' lang='lat' dir='ltr'>tos</span> <span class='ocrx_word' id='word_1_68' title='bbox 202 1180 287 1237; x_wconf 83' lang='lat' dir='ltr'>ludos</span> <span class='ocrx_word' id='word_1_69' title='bbox 323 1173 500 1258; x_wconf 68' lang='lat' dir='ltr'><em>saeculares]</em></span> <span class='ocrx_word' id='word_1_70' title='bbox 542 1179 737 1256; x_wconf 88' lang='lat' dir='ltr'>prodiderunt</span> <span class='ocrx_word' id='word_1_71' title='bbox 773 1178 807 1236; x_wconf 89' lang='lat' dir='ltr'>L.</span> <span class='ocrx_word' id='word_1_72' title='bbox 835 1178 946 1237; x_wconf 88' lang='lat' dir='ltr'>Marcio</span> <span class='ocrx_word' id='word_1_73' title='bbox 984 1175 1152 1238; x_wconf 77' lang='lat' dir='ltr'>Censorino</span> 
     </span>
     <span class='ocr_line' id='line_1_11' title="bbox 128 1263 1059 1345; baseline 0.002 -21"><span class='ocrx_word' id='word_1_74' title='bbox 128 1263 180 1326; x_wconf 65' lang='lat' dir='ltr'>M?</span> <span class='ocrx_word' id='word_1_75' title='bbox 200 1267 325 1326; x_wconf 87' lang='lat' dir='ltr'>Manilio</span> <span class='ocrx_word' id='word_1_76' title='bbox 349 1287 420 1329; x_wconf 81' lang='lat' dir='ltr'>coss,</span> <span class='ocrx_word' id='word_1_77' title='bbox 444 1273 513 1345; x_wconf 91' lang='lat' dir='ltr'>post</span> <span class='ocrx_word' id='word_1_78' title='bbox 535 1270 661 1328; x_wconf 83' lang='lat' dir='ltr'><strong>Romam</strong></span> <span class='ocrx_word' id='word_1_79' title='bbox 687 1267 837 1327; x_wconf 88' lang='lat' dir='ltr'>conditam</span> <span class='ocrx_word' id='word_1_80' title='bbox 862 1287 939 1326; x_wconf 89' lang='lat' dir='ltr'>anno</span> <span class='ocrx_word' id='word_1_81' title='bbox 962 1266 1059 1326; x_wconf 89' lang='lat' dir='ltr'>DCV.</span> 
     </span>
    </p>
   </div>
   <div class='ocr_carea' id='block_1_7' title="bbox 127 1367 1155 1647">
    <p class='ocr_par' dir='ltr' id='par_1_7' title="bbox 127 1367 1155 1647">
     <span class='ocr_line' id='line_1_12' title="bbox 201 1367 1152 1435; baseline 0.001 -15"><span class='ocrx_word' id='word_1_82' title='bbox 201 1367 308 1420; x_wconf 77' lang='lat' dir='ltr'>Censor.</span> <span class='ocrx_word' id='word_1_83' title='bbox 328 1367 353 1420; x_wconf 84' lang='lat' dir='ltr'>d.</span> <span class='ocrx_word' id='word_1_84' title='bbox 373 1385 400 1421; x_wconf 81' lang='lat' dir='ltr'>u.</span> <span class='ocrx_word' id='word_1_85' title='bbox 422 1373 514 1435; x_wconf 84' lang='lat'><strong><em>17,11</em></strong></span> <span class='ocrx_word' id='word_1_86' title='bbox 539 1382 620 1422; x_wconf 67' lang='lat' dir='ltr'>maa·</span> <span class='ocrx_word' id='word_1_87' title='bbox 638 1367 713 1421; x_wconf 89' lang='lat' dir='ltr'>enim</span> <span class='ocrx_word' id='word_1_88' title='bbox 737 1385 759 1421; x_wconf 73' lang='grc' dir='ltr'><strong><em>α</em></strong></span> <span class='ocrx_word' id='word_1_89' title='bbox 777 1381 850 1420; x_wconf 69' lang='lat' dir='ltr'>vano</span> <span class='ocrx_word' id='word_1_90' title='bbox 864 1399 891 1406; x_wconf 93' lang='lat'>-</span> <span class='ocrx_word' id='word_1_91' title='bbox 904 1379 970 1420; x_wconf 87' lang='lat' dir='ltr'>nov.</span> <span class='ocrx_word' id='word_1_92' title='bbox 1012 1367 1069 1421; x_wconf 76' lang='lat' dir='ltr'>ista</span> <span class='ocrx_word' id='word_1_93' title='bbox 1089 1383 1152 1421; x_wconf 83' lang='lat' dir='ltr'>cum</span> 
     </span>
     <span class='ocr_line' id='line_1_13' title="bbox 127 1437 1150 1510; baseline -0.001 -18"><span class='ocrx_word' id='word_1_94' title='bbox 127 1439 164 1504; x_wconf 78' lang='lat' dir='ltr'>fr.</span> <span class='ocrx_word' id='word_1_95' title='bbox 176 1442 212 1492; x_wconf 82' lang='lat'>70</span> <span class='ocrx_word' id='word_1_96' title='bbox 225 1439 270 1492; x_wconf 88' lang='lat' dir='ltr'>De</span> <span class='ocrx_word' id='word_1_97' title='bbox 283 1455 371 1492; x_wconf 78' lang='lat' dir='ltr'>eccere.</span> <span class='ocrx_word' id='word_1_98' title='bbox 381 1442 449 1510; x_wconf 69' lang='lat' dir='ltr'>orio.</span> <span class='ocrx_word' id='word_1_99' title='bbox 460 1442 596 1495; x_wconf 67' lang='lat' dir='ltr'>uetbsime</span> <span class='ocrx_word' id='word_1_100' title='bbox 609 1441 757 1494; x_wconf 76' lang='lat' dir='ltr'><strong><em>cohaerent.</em></strong></span> <span class='ocrx_word' id='word_1_101' title='bbox 786 1439 821 1504; x_wconf 83' lang='lat' dir='ltr'>cf.</span> <span class='ocrx_word' id='word_1_102' title='bbox 834 1439 983 1504; x_wconf 65' lang='lat' dir='ltr'>datorem,</span> <span class='ocrx_word' id='word_1_103' title='bbox 999 1437 1150 1493; x_wconf 77' lang='lat' dir='ltr'>Commeat.</span> 
     </span>
     <span class='ocr_line' id='line_1_14' title="bbox 128 1510 1155 1581; baseline -0.001 -16"><span class='ocrx_word' id='word_1_104' title='bbox 128 1510 209 1565; x_wconf 84' lang='lat' dir='ltr'>Rihb.</span> <span class='ocrx_word' id='word_1_105' title='bbox 239 1511 364 1578; x_wconf 78' lang='lat' dir='ltr'>(Lipsiae</span> <span class='ocrx_word' id='word_1_106' title='bbox 388 1514 468 1581; x_wconf 89' lang='grc'>1888)</span> <span class='ocrx_word' id='word_1_107' title='bbox 493 1529 521 1579; x_wconf 85' lang='lat' dir='ltr'>p.</span> <span class='ocrx_word' id='word_1_108' title='bbox 541 1515 603 1565; x_wconf 79' lang='grc'>421.</span> <span class='ocrx_word' id='word_1_109' title='bbox 643 1516 786 1579; x_wconf 83' lang='lat' dir='ltr'>praeterea</span> <span class='ocrx_word' id='word_1_110' title='bbox 814 1511 849 1577; x_wconf 71' lang='lat' dir='ltr'>cs.</span> <span class='ocrx_word' id='word_1_111' title='bbox 878 1527 923 1578; x_wconf 82' lang='lat' dir='ltr'>ap.</span> <span class='ocrx_word' id='word_1_112' title='bbox 950 1511 1031 1564; x_wconf 83' lang='lat' dir='ltr'>Peter</span> <span class='ocrx_word' id='word_1_113' title='bbox 1050 1510 1155 1564; x_wconf 74' lang='grc' dir='ltr'>ΗΜ1</span> 
     </span>
     <span class='ocr_line' id='line_1_15' title="bbox 129 1581 870 1647; baseline 0.001 -13"><span class='ocrx_word' id='word_1_114' title='bbox 129 1581 162 1636; x_wconf 84' lang='lat' dir='ltr'>L.</span> <span class='ocrx_word' id='word_1_115' title='bbox 179 1582 245 1636; x_wconf 79' lang='lat' dir='ltr'>Piso</span> <span class='ocrx_word' id='word_1_116' title='bbox 263 1582 298 1647; x_wconf 80' lang='lat' dir='ltr'>fr.</span> <span class='ocrx_word' id='word_1_117' title='bbox 314 1585 357 1635; x_wconf 87' lang='grc'>39.</span> <span class='ocrx_word' id='word_1_118' title='bbox 396 1583 445 1637; x_wconf 80' lang='lat' dir='ltr'>Oe.</span> <span class='ocrx_word' id='word_1_119' title='bbox 466 1583 534 1637; x_wconf 72' lang='lat' dir='ltr'>Geli.</span> <span class='ocrx_word' id='word_1_120' title='bbox 549 1587 594 1636; x_wconf 92' lang='grc'>28.</span> <span class='ocrx_word' id='word_1_121' title='bbox 633 1582 707 1637; x_wconf 83' lang='lat' dir='ltr'>Caes.</span> <span class='ocrx_word' id='word_1_122' title='bbox 727 1583 807 1636; x_wconf 85' lang='lat' dir='ltr'><strong><em>Hem.</em></strong></span> <span class='ocrx_word' id='word_1_123' title='bbox 827 1586 870 1636; x_wconf 90' lang='lat'>39.</span> 
     </span>
    </p>
   </div>
   <div class='ocr_carea' id='block_1_8' title="bbox 201 1687 859 1744">
    <p class='ocr_par' dir='ltr' id='par_1_8' title="bbox 201 1687 859 1744">
     <span class='ocr_line' id='line_1_16' title="bbox 201 1687 859 1744; baseline 0.003 -4"><span class='ocrx_word' id='word_1_124' title='bbox 201 1691 264 1744; x_wconf 69' lang='lat' dir='ltr'>tm</span> <span class='ocrx_word' id='word_1_125' title='bbox 282 1687 387 1741; x_wconf 89' lang='lat' dir='ltr'>manlio</span> <span class='ocrx_word' id='word_1_126' title='bbox 461 1694 514 1742; x_wconf 63' lang='grc' dir='ltr'>δῶ.</span> <span class='ocrx_word' id='word_1_127' title='bbox 534 1691 658 1744; x_wconf 82' lang='lat' dir='ltr'>Darmst.</span> <span class='ocrx_word' id='word_1_128' title='bbox 678 1695 751 1743; x_wconf 59' lang='lat' dir='ltr'>con-s.</span> <span class='ocrx_word' id='word_1_129' title='bbox 773 1690 859 1744; x_wconf 78' lang='lat' dir='ltr'>Vectio.</span> 
     </span>
    </p>
   </div>
   <div class='ocr_carea' id='block_1_9' title="bbox 589 1842 682 1900">
    <p class='ocr_par' dir='ltr' id='par_1_9' title="bbox 589 1842 682 1900">
     <span class='ocr_line' id='line_1_17' title="bbox 589 1842 682 1900; baseline -0.011 0"><span class='ocrx_word' id='word_1_130' title='bbox 589 1842 607 1884; x_wconf 81' lang='lat'><em>*</em></span> <span class='ocrx_word' id='word_1_131' title='bbox 618 1844 682 1900; x_wconf 85' lang='lat'>309</span> 
     </span>
    </p>
   </div>
   <div class='ocr_carea' id='block_1_10' title="bbox 129 1951 1151 2300">
    <p class='ocr_par' dir='ltr' id='par_1_10' title="bbox 129 1951 1151 2300">
     <span class='ocr_line' id='line_1_18' title="bbox 195 1951 1151 2036; baseline 0.001 -22"><span class='ocrx_word' id='word_1_132' title='bbox 195 1957 227 2014; x_wconf 90' lang='lat' dir='ltr'>in</span> <span class='ocrx_word' id='word_1_133' title='bbox 246 1957 371 2015; x_wconf 80' lang='lat' dir='ltr'>theatris</span> <span class='ocrx_word' id='word_1_134' title='bbox 396 1951 487 2036; x_wconf 84' lang='lat' dir='ltr'>[celo]</span> <span class='ocrx_word' id='word_1_135' title='bbox 507 1960 627 2015; x_wconf 89' lang='lat' dir='ltr'>tantum</span> <span class='ocrx_word' id='word_1_136' title='bbox 648 1957 786 2016; x_wconf 89' lang='lat' dir='ltr'>umbram</span> <span class='ocrx_word' id='word_1_137' title='bbox 804 1957 907 2031; x_wconf 88' lang='lat' dir='ltr'>fecere,</span> <span class='ocrx_word' id='word_1_138' title='bbox 930 1956 1012 2032; x_wconf 88' lang='lat' dir='ltr'>quod</span> <span class='ocrx_word' id='word_1_139' title='bbox 1031 1958 1151 2032; x_wconf 84' lang='lat' dir='ltr'>primus</span> 
     </span>
     <span class='ocr_line' id='line_1_19' title="bbox 129 2044 1149 2123; baseline 0 -18"><span class='ocrx_word' id='word_1_140' title='bbox 129 2048 262 2105; x_wconf 90' lang='lat' dir='ltr'>omnium</span> <span class='ocrx_word' id='word_1_141' title='bbox 294 2046 409 2104; x_wconf 88' lang='lat' dir='ltr'>invenit</span> <span class='ocrx_word' id='word_1_142' title='bbox 441 2044 474 2115; x_wconf 76' lang='lat' dir='ltr'>Q.</span> <span class='ocrx_word' id='word_1_143' title='bbox 499 2045 636 2123; x_wconf 75' lang='lat' dir='ltr'>Catulus,</span> <span class='ocrx_word' id='word_1_144' title='bbox 674 2065 741 2104; x_wconf 91' lang='lat' dir='ltr'>cum</span> <span class='ocrx_word' id='word_1_145' title='bbox 772 2045 955 2122; x_wconf 76' lang='lat' dir='ltr'>Capitolium</span> <span class='ocrx_word' id='word_1_146' title='bbox 987 2045 1149 2105; x_wconf 86' lang='lat' dir='ltr'>dedicaret.</span> 
     </span>
     <span class='ocr_line' id='line_1_20' title="bbox 131 2134 1150 2211; baseline -0.002 -17"><span class='ocrx_word' id='word_1_147' title='bbox 131 2134 286 2195; x_wconf 80' lang='lat' dir='ltr'>carbasina</span> <span class='ocrx_word' id='word_1_148' title='bbox 314 2135 419 2193; x_wconf 90' lang='lat' dir='ltr'>deinde</span> <span class='ocrx_word' id='word_1_149' title='bbox 443 2136 510 2194; x_wconf 88' lang='lat' dir='ltr'>vela</span> <span class='ocrx_word' id='word_1_150' title='bbox 532 2135 647 2211; x_wconf 89' lang='lat' dir='ltr'>primns</span> <span class='ocrx_word' id='word_1_151' title='bbox 671 2136 702 2194; x_wconf 92' lang='lat' dir='ltr'>in</span> <span class='ocrx_word' id='word_1_152' title='bbox 725 2135 843 2195; x_wconf 88' lang='lat' dir='ltr'>theatro</span> <span class='ocrx_word' id='word_1_153' title='bbox 870 2134 986 2194; x_wconf 83' lang='lat' dir='ltr'>duxisse</span> <span class='ocrx_word' id='word_1_154' title='bbox 1014 2135 1150 2194; x_wconf 86' lang='lat' dir='ltr'>traditur</span> 
     </span>
     <span class='ocr_line' id='line_1_21' title="bbox 130 2223 797 2300; baseline 0.001 -18"><span class='ocrx_word' id='word_1_155' title='bbox 130 2224 274 2283; x_wconf 84' lang='lat' dir='ltr'>Lentulus</span> <span class='ocrx_word' id='word_1_156' title='bbox 298 2223 440 2300; x_wconf 81' lang='lat' dir='ltr'>Spinther</span> <span class='ocrx_word' id='word_1_157' title='bbox 462 2223 688 2300; x_wconf 86' lang='lat' dir='ltr'>Apollinaribus</span> <span class='ocrx_word' id='word_1_158' title='bbox 710 2224 797 2284; x_wconf 85' lang='lat' dir='ltr'>ludis.</span> 
     </span>
    </p>
   </div>
   <div class='ocr_carea' id='block_1_11' title="bbox 127 2321 1152 2967">
    <p class='ocr_par' dir='ltr' id='par_1_11' title="bbox 127 2321 1152 2967">
     <span class='ocr_line' id='line_1_22' title="bbox 200 2321 1149 2389; baseline -0.002 -11"><span class='ocrx_word' id='word_1_159' title='bbox 200 2325 276 2378; x_wconf 76' lang='lat' dir='ltr'>Pau.</span> <span class='ocrx_word' id='word_1_160' title='bbox 290 2341 317 2376; x_wconf 81' lang='lat' dir='ltr'>a.</span> <span class='ocrx_word' id='word_1_161' title='bbox 328 2323 353 2376; x_wconf 83' lang='lat' dir='ltr'>b.</span> <span class='ocrx_word' id='word_1_162' title='bbox 366 2328 408 2389; x_wconf 89' lang='lat'>19,</span> <span class='ocrx_word' id='word_1_163' title='bbox 416 2327 453 2377; x_wconf 84' lang='lat'>23</span> <span class='ocrx_word' id='word_1_164' title='bbox 466 2338 491 2376; x_wconf 80' lang='lat' dir='ltr'>in</span> <span class='ocrx_word' id='word_1_165' title='bbox 499 2338 592 2378; x_wconf 62' lang='lat' dir='ltr'>anezan</span> <span class='ocrx_word' id='word_1_166' title='bbox 601 2339 702 2378; x_wconf 73' lang='lat' dir='ltr'>-1uun</span> <span class='ocrx_word' id='word_1_167' title='bbox 721 2341 786 2378; x_wconf 82' lang='lat' dir='ltr'>mox</span> <span class='ocrx_word' id='word_1_168' title='bbox 801 2321 904 2377; x_wconf 88' lang='lat' dir='ltr'>Caesar</span> <span class='ocrx_word' id='word_1_169' title='bbox 918 2323 1040 2377; x_wconf 88' lang='lat' dir='ltr'>dictator</span> <span class='ocrx_word' id='word_1_170' title='bbox 1054 2326 1149 2378; x_wconf 88' lang='lat' dir='ltr'>totum</span> 
     </span>
     <span class='ocr_line' id='line_1_23' title="bbox 129 2395 1149 2462; baseline 0.001 -15"><span class='ocrx_word' id='word_1_171' title='bbox 129 2395 220 2449; x_wconf 89' lang='lat' dir='ltr'>forum</span> <span class='ocrx_word' id='word_1_172' title='bbox 238 2395 396 2448; x_wconf 88' lang='lat' dir='ltr'>Romanum</span> <span class='ocrx_word' id='word_1_173' title='bbox 414 2395 516 2450; x_wconf 87' lang='lat' dir='ltr'>intexit</span> <span class='ocrx_word' id='word_1_174' title='bbox 538 2395 667 2462; x_wconf 88' lang='lat' dir='ltr'>viamque</span> <span class='ocrx_word' id='word_1_175' title='bbox 691 2411 799 2449; x_wconf 84' lang='lat' dir='ltr'>sacram</span> <span class='ocrx_word' id='word_1_176' title='bbox 818 2395 853 2449; x_wconf 91' lang='lat' dir='ltr'>ab</span> <span class='ocrx_word' id='word_1_177' title='bbox 878 2395 959 2449; x_wconf 89' lang='lat' dir='ltr'>domo</span> <span class='ocrx_word' id='word_1_178' title='bbox 978 2411 1030 2448; x_wconf 90' lang='lat' dir='ltr'>sua</span> <span class='ocrx_word' id='word_1_179' title='bbox 1049 2397 1080 2449; x_wconf 90' lang='lat' dir='ltr'>et</span> <span class='ocrx_word' id='word_1_180' title='bbox 1099 2395 1149 2448; x_wconf 91' lang='lat' dir='ltr'>cli-</span> 
     </span>
     <span class='ocr_line' id='line_1_24' title="bbox 128 2465 1150 2536; baseline 0.001 -16"><span class='ocrx_word' id='word_1_181' title='bbox 128 2484 193 2520; x_wconf 83' lang='lat' dir='ltr'>vum</span> <span class='ocrx_word' id='word_1_182' title='bbox 213 2483 301 2533; x_wconf 86' lang='lat' dir='ltr'>usque</span> <span class='ocrx_word' id='word_1_183' title='bbox 320 2465 350 2518; x_wconf 91' lang='lat' dir='ltr'>in</span> <span class='ocrx_word' id='word_1_184' title='bbox 365 2465 544 2534; x_wconf 80' lang='lat' dir='ltr'>Capitolium,</span> <span class='ocrx_word' id='word_1_185' title='bbox 564 2468 639 2535; x_wconf 91' lang='lat' dir='ltr'>quod</span> <span class='ocrx_word' id='word_1_186' title='bbox 658 2484 773 2522; x_wconf 87' lang='lat' dir='ltr'>munere</span> <span class='ocrx_word' id='word_1_187' title='bbox 792 2467 853 2535; x_wconf 86' lang='lat' dir='ltr'>ipso</span> <span class='ocrx_word' id='word_1_188' title='bbox 873 2465 1044 2536; x_wconf 84' lang='lat' dir='ltr'>gladiatorio</span> <span class='ocrx_word' id='word_1_189' title='bbox 1064 2467 1150 2521; x_wconf 84' lang='lat' dir='ltr'>mira·</span> 
     </span>
     <span class='ocr_line' id='line_1_25' title="bbox 128 2537 1149 2606; baseline 0.002 -15"><span class='ocrx_word' id='word_1_190' title='bbox 128 2537 214 2592; x_wconf 85' lang='lat' dir='ltr'>bilius</span> <span class='ocrx_word' id='word_1_191' title='bbox 233 2538 323 2592; x_wconf 86' lang='lat' dir='ltr'>visum</span> <span class='ocrx_word' id='word_1_192' title='bbox 341 2538 465 2591; x_wconf 88' lang='lat' dir='ltr'>tradunt.</span> <span class='ocrx_word' id='word_1_193' title='bbox 494 2540 528 2605; x_wconf 77' lang='lat' dir='ltr'>cf.</span> <span class='ocrx_word' id='word_1_194' title='bbox 548 2539 605 2592; x_wconf 85' lang='lat' dir='ltr'>De&#39;o</span> <span class='ocrx_word' id='word_1_195' title='bbox 624 2543 668 2606; x_wconf 81' lang='lat'>43,</span> <span class='ocrx_word' id='word_1_196' title='bbox 682 2542 727 2605; x_wconf 81' lang='grc'>24,</span> <span class='ocrx_word' id='word_1_197' title='bbox 741 2543 767 2594; x_wconf 85' lang='grc'>2.</span> <span class='ocrx_word' id='word_1_198' title='bbox 802 2540 925 2604; x_wconf 80' lang='lat' dir='ltr'>Kettuer,</span> <span class='ocrx_word' id='word_1_199' title='bbox 949 2539 1028 2592; x_wconf 82' lang='lat' dir='ltr'>Varr.</span> <span class='ocrx_word' id='word_1_200' title='bbox 1049 2539 1083 2593; x_wconf 89' lang='lat' dir='ltr'>de</span> <span class='ocrx_word' id='word_1_201' title='bbox 1101 2542 1149 2593; x_wconf 81' lang='lat' dir='ltr'>uit.</span> 
     </span>
     <span class='ocr_line' id='line_1_26' title="bbox 127 2608 1150 2678; baseline -0.001 -13"><span class='ocrx_word' id='word_1_202' title='bbox 127 2628 154 2678; x_wconf 82' lang='lat' dir='ltr'>p.</span> <span class='ocrx_word' id='word_1_203' title='bbox 175 2611 210 2665; x_wconf 82' lang='lat' dir='ltr'>R.</span> <span class='ocrx_word' id='word_1_204' title='bbox 228 2628 256 2678; x_wconf 83' lang='lat' dir='ltr'>p.</span> <span class='ocrx_word' id='word_1_205' title='bbox 273 2615 314 2664; x_wconf 87' lang='grc'>19.</span> <span class='ocrx_word' id='word_1_206' title='bbox 336 2611 447 2678; x_wconf 77' lang='lat' dir='ltr'>Kempf,</span> <span class='ocrx_word' id='word_1_207' title='bbox 462 2610 522 2663; x_wconf 87' lang='lat' dir='ltr'>Vol.</span> <span class='ocrx_word' id='word_1_208' title='bbox 544 2611 624 2663; x_wconf 79' lang='lat' dir='ltr'>Mox.</span> <span class='ocrx_word' id='word_1_209' title='bbox 641 2627 670 2678; x_wconf 85' lang='lat' dir='ltr'>p.</span> <span class='ocrx_word' id='word_1_210' title='bbox 685 2616 730 2665; x_wconf 85' lang='grc'>20.</span> <span class='ocrx_word' id='word_1_211' title='bbox 757 2611 815 2664; x_wconf 84' lang='lat' dir='ltr'>Vol.</span> <span class='ocrx_word' id='word_1_212' title='bbox 837 2611 918 2664; x_wconf 78' lang='lat' dir='ltr'>Mox.</span> <span class='ocrx_word' id='word_1_213' title='bbox 932 2614 960 2675; x_wconf 85' lang='grc'>2,</span> <span class='ocrx_word' id='word_1_214' title='bbox 974 2613 1034 2676; x_wconf 80' lang='lat'>4,6</span> <span class='ocrx_word' id='word_1_215' title='bbox 1054 2608 1085 2674; x_wconf 85' lang='lat' dir='ltr'>Q.</span> <span class='ocrx_word' id='word_1_216' title='bbox 1098 2609 1150 2664; x_wconf 74' lang='lat' dir='ltr'>Ca</span> 
     </span>
     <span class='ocr_line' id='line_1_27' title="bbox 128 2680 1150 2750; baseline 0.001 -17"><span class='ocrx_word' id='word_1_217' title='bbox 128 2680 205 2734; x_wconf 85' lang='lat' dir='ltr'>tulus</span> <span class='ocrx_word' id='word_1_218' title='bbox 229 2681 399 2749; x_wconf 82' lang='lat' dir='ltr'>Campanam</span> <span class='ocrx_word' id='word_1_219' title='bbox 422 2681 549 2734; x_wconf 85' lang='lat' dir='ltr'>imitatus</span> <span class='ocrx_word' id='word_1_220' title='bbox 573 2680 711 2734; x_wconf 86' lang='lat' dir='ltr'>luxuriam</span> <span class='ocrx_word' id='word_1_221' title='bbox 734 2681 840 2750; x_wconf 85' lang='lat' dir='ltr'>primus</span> <span class='ocrx_word' id='word_1_222' title='bbox 868 2680 1057 2750; x_wconf 83' lang='lat' dir='ltr'>spectantium</span> <span class='ocrx_word' id='word_1_223' title='bbox 1084 2699 1150 2736; x_wconf 90' lang='lat' dir='ltr'>con·</span> 
     </span>
     <span class='ocr_line' id='line_1_28' title="bbox 129 2752 1152 2808; baseline 0.002 -2"><span class='ocrx_word' id='word_1_224' title='bbox 129 2770 235 2807; x_wconf 81' lang='lat' dir='ltr'>sessum</span> <span class='ocrx_word' id='word_1_225' title='bbox 253 2752 377 2806; x_wconf 89' lang='lat' dir='ltr'>velorum</span> <span class='ocrx_word' id='word_1_226' title='bbox 396 2752 566 2806; x_wconf 86' lang='lat' dir='ltr'>umbraculis</span> <span class='ocrx_word' id='word_1_227' title='bbox 585 2753 664 2808; x_wconf 85' lang='lat' dir='ltr'>texit.</span> <span class='ocrx_word' id='word_1_228' title='bbox 694 2754 760 2807; x_wconf 85' lang='lat' dir='ltr'>hoec</span> <span class='ocrx_word' id='word_1_229' title='bbox 780 2753 921 2808; x_wconf 82' lang='lat' dir='ltr'>Ciebore&#39;us</span> <span class='ocrx_word' id='word_1_230' title='bbox 938 2752 1005 2807; x_wconf 79' lang='lat' dir='ltr'>ibid.</span> <span class='ocrx_word' id='word_1_231' title='bbox 1026 2753 1152 2808; x_wconf 73' lang='lat' dir='ltr'>Varroni</span> 
     </span>
     <span class='ocr_line' id='line_1_29' title="bbox 127 2825 1152 2894; baseline 0.001 -15"><span class='ocrx_word' id='word_1_232' title='bbox 127 2825 249 2879; x_wconf 78' lang='lat' dir='ltr'>reddidit</span> <span class='ocrx_word' id='word_1_233' title='bbox 270 2842 327 2878; x_wconf 80' lang='lat' dir='ltr'>uon</span> <span class='ocrx_word' id='word_1_234' title='bbox 349 2841 425 2879; x_wconf 83' lang='lat' dir='ltr'>secus</span> <span class='ocrx_word' id='word_1_235' title='bbox 450 2831 530 2893; x_wconf 82' lang='lat' dir='ltr'>etque</span> <span class='ocrx_word' id='word_1_236' title='bbox 552 2842 585 2878; x_wconf 87' lang='lat' dir='ltr'>eo</span> <span class='ocrx_word' id='word_1_237' title='bbox 608 2842 677 2894; x_wconf 71' lang='lat' dir='ltr'>petae</span> <span class='ocrx_word' id='word_1_238' title='bbox 697 2827 822 2892; x_wconf 76' lang='lat' dir='ltr'>procime</span> <span class='ocrx_word' id='word_1_239' title='bbox 844 2842 877 2879; x_wconf 73' lang='lat' dir='ltr'>ecc</span> <span class='ocrx_word' id='word_1_240' title='bbox 895 2825 991 2879; x_wconf 78' lang='lat' dir='ltr'>Plinio</span> <span class='ocrx_word' id='word_1_241' title='bbox 1008 2832 1152 2891; x_wconf 74' lang='lat' dir='ltr'>secuntur,</span> 
     </span>
     <span class='ocr_line' id='line_1_30' title="bbox 129 2895 975 2967; baseline 0.001 -18"><span class='ocrx_word' id='word_1_242' title='bbox 129 2897 161 2949; x_wconf 89' lang='lat' dir='ltr'>de</span> <span class='ocrx_word' id='word_1_243' title='bbox 180 2897 279 2964; x_wconf 77' lang='lat' dir='ltr'>quibes</span> <span class='ocrx_word' id='word_1_244' title='bbox 297 2897 423 2950; x_wconf 78' lang='lat' dir='ltr'>omuibus</span> <span class='ocrx_word' id='word_1_245' title='bbox 440 2897 475 2962; x_wconf 76' lang='lat' dir='ltr'>cf.</span> <span class='ocrx_word' id='word_1_246' title='bbox 492 2897 582 2964; x_wconf 77' lang='lat' dir='ltr'>pedes.</span> <span class='ocrx_word' id='word_1_247' title='bbox 602 2895 640 2949; x_wconf 86' lang='lat' dir='ltr'>od</span> <span class='ocrx_word' id='word_1_248' title='bbox 658 2897 718 2950; x_wconf 80' lang='lat' dir='ltr'>libr.</span> <span class='ocrx_word' id='word_1_249' title='bbox 738 2897 782 2950; x_wconf 88' lang='lat' dir='ltr'>De</span> <span class='ocrx_word' id='word_1_250' title='bbox 800 2913 887 2951; x_wconf 78' lang='lat' dir='ltr'>scaea.</span> <span class='ocrx_word' id='word_1_251' title='bbox 908 2897 975 2967; x_wconf 74' lang='lat' dir='ltr'>erip.</span> 
     </span>
    </p>
   </div>
   <div class='ocr_carea' id='block_1_12' title="bbox 202 3002 700 3074">
    <p class='ocr_par' dir='ltr' id='par_1_12' title="bbox 202 3002 700 3074">
     <span class='ocr_line' id='line_1_31' title="bbox 202 3002 700 3074; baseline 0.002 -19"><span class='ocrx_word' id='word_1_252' title='bbox 202 3009 215 3054; x_wconf 93' lang='lat'>1</span> <span class='ocrx_word' id='word_1_253' title='bbox 236 3002 359 3072; x_wconf 88' lang='lat' dir='ltr'>tantum]</span> <span class='ocrx_word' id='word_1_254' title='bbox 378 3004 458 3056; x_wconf 89' lang='lat' dir='ltr'>tenta</span> <span class='ocrx_word' id='word_1_255' title='bbox 476 3005 545 3057; x_wconf 75' lang='lat' dir='ltr'>coci.</span> <span class='ocrx_word' id='word_1_256' title='bbox 567 3004 700 3074; x_wconf 80' lang='lat' dir='ltr'>Moyboff</span> 
     </span>
    </p>
   </div>
   <div class='ocr_carea' id='block_1_13' title="bbox 129 3153 1152 3427">
    <p class='ocr_par' dir='ltr' id='par_1_13' title="bbox 129 3153 1152 3427">
     <span class='ocr_line' id='line_1_32' title="bbox 553 3153 682 3212; baseline 0 0"><span class='ocrx_word' id='word_1_257' title='bbox 553 3202 557 3212; x_wconf 80' lang='lat'>.</span> <span class='ocrx_word' id='word_1_258' title='bbox 590 3153 682 3212; x_wconf 81' lang='lat'><em>*310</em></span> 
     </span>
     <span class='ocr_line' id='line_1_33' title="bbox 196 3248 1152 3340; baseline 0.003 -20"><span class='ocrx_word' id='word_1_259' title='bbox 196 3260 369 3320; x_wconf 87' lang='lat' dir='ltr'>versatilem</span> <span class='ocrx_word' id='word_1_260' title='bbox 385 3248 548 3340; x_wconf 73' lang='lat' dir='ltr'>[scaenam]</span> <span class='ocrx_word' id='word_1_261' title='bbox 566 3263 701 3320; x_wconf 88' lang='lat' dir='ltr'>fecerunt</span> <span class='ocrx_word' id='word_1_262' title='bbox 715 3260 842 3335; x_wconf 86' lang='lat' dir='ltr'>Luculli,</span> <span class='ocrx_word' id='word_1_263' title='bbox 861 3261 1028 3338; x_wconf 84' lang='lat' dir='ltr'>argentatis</span> <span class='ocrx_word' id='word_1_264' title='bbox 1043 3263 1152 3323; x_wconf 91' lang='lat' dir='ltr'>chora-</span> 
     </span>
     <span class='ocr_line' id='line_1_34' title="bbox 129 3349 765 3427; baseline 0.002 -20"><span class='ocrx_word' id='word_1_265' title='bbox 129 3351 187 3427; x_wconf 81' lang='lat' dir='ltr'>giis</span> <span class='ocrx_word' id='word_1_266' title='bbox 212 3350 243 3409; x_wconf 92' lang='lat' dir='ltr'>P.</span> <span class='ocrx_word' id='word_1_267' title='bbox 267 3349 412 3408; x_wconf 86' lang='lat' dir='ltr'>Lentulus</span> <span class='ocrx_word' id='word_1_268' title='bbox 436 3350 577 3426; x_wconf 82' lang='lat' dir='ltr'>Spinther</span> <span class='ocrx_word' id='word_1_269' title='bbox 600 3350 765 3410; x_wconf 88' lang='lat' dir='ltr'>adornavit.</span> 
     </span>
    </p>
   </div>
   <div class='ocr_carea' id='block_1_14' title="bbox 75 3449 1151 3604">
    <p class='ocr_par' dir='ltr' id='par_1_14' title="bbox 75 3449 1151 3604">
     <span class='ocr_line' id='line_1_35' title="bbox 203 3449 1151 3519; baseline 0.003 -14"><span class='ocrx_word' id='word_1_270' title='bbox 203 3450 259 3505; x_wconf 84' lang='lat' dir='ltr'>Vel.</span> <span class='ocrx_word' id='word_1_271' title='bbox 273 3451 356 3505; x_wconf 76' lang='lat' dir='ltr'>Mea,</span> <span class='ocrx_word' id='word_1_272' title='bbox 367 3454 394 3518; x_wconf 75' lang='grc'>2,</span> <span class='ocrx_word' id='word_1_273' title='bbox 405 3453 460 3518; x_wconf 66' lang='lat' dir='ltr'>4,ss</span> <span class='ocrx_word' id='word_1_274' title='bbox 478 3464 603 3504; x_wconf 73' lang='lat' dir='ltr'>versatilem</span> <span class='ocrx_word' id='word_1_275' title='bbox 615 3481 638 3490; x_wconf 97' lang='lat'><em>-</em></span> <span class='ocrx_word' id='word_1_276' title='bbox 649 3464 773 3504; x_wconf 69' lang='lat' dir='ltr'>adornavit.</span> <span class='ocrx_word' id='word_1_277' title='bbox 802 3450 836 3516; x_wconf 84' lang='lat' dir='ltr'>es.</span> <span class='ocrx_word' id='word_1_278' title='bbox 854 3451 981 3514; x_wconf 73' lang='lat' dir='ltr'>Menace,</span> <span class='ocrx_word' id='word_1_279' title='bbox 994 3449 1151 3519; x_wconf 75' lang='lat' dir='ltr'>Qeelleuhr.</span> 
     </span>
     <span class='ocr_line' id='line_1_36' title="bbox 75 3486 497 3604; baseline 0.007 -27"><span class='ocrx_word' id='word_1_280' title='bbox 75 3486 497 3604; x_wconf 52' lang='lat' dir='ltr'>&#39;mamam</span> 
     </span>
    </p>
   </div>
   <div class='ocr_carea' id='block_1_15' title="bbox 0 0 1207 3824">
    <p class='ocr_par' dir='ltr' id='par_1_15' title="bbox 0 0 1207 3824">
     <span class='ocr_line' id='line_1_37' title="bbox 0 0 1207 3824; baseline 0 0"><span class='ocrx_word' id='word_1_281' title='bbox 0 0 1207 3824; x_wconf 95' lang='lat' dir='ltr'> </span> 
     </span>
    </p>
   </div>
   <div class='ocr_carea' id='block_1_16' title="bbox 169 3627 991 3696">
    <p class='ocr_par' dir='ltr' id='par_1_16' title="bbox 169 3627 991 3696">
     <span class='ocr_line' id='line_1_38' title="bbox 169 3627 991 3696; baseline -0.009 -12"><span class='ocrx_word' id='word_1_282' title='bbox 169 3637 184 3684; x_wconf 93' lang='lat'><em>1</em></span> <span class='ocrx_word' id='word_1_283' title='bbox 205 3630 306 3690; x_wconf 84' lang='lat' dir='ltr'>luculi</span> <span class='ocrx_word' id='word_1_284' title='bbox 327 3639 429 3695; x_wconf 74' lang='lat' dir='ltr'>Leuc.</span> <span class='ocrx_word' id='word_1_285' title='bbox 449 3657 488 3696; x_wconf 83' lang='lat' dir='ltr'>m.</span> <span class='ocrx_word' id='word_1_286' title='bbox 509 3643 522 3694; x_wconf 89' lang='grc'>1</span> <span class='ocrx_word' id='word_1_287' title='bbox 542 3635 649 3692; x_wconf 78' lang='lat' dir='ltr'>lncani</span> <span class='ocrx_word' id='word_1_288' title='bbox 671 3627 991 3696; x_wconf 68' lang='lat' dir='ltr'>Beuo.:eo1.ttqonius</span> 
     </span>
    </p>
   </div>
  </div>
 </body>
</html>
