2400 3824
121 160 184 226 128
302 161 508 217 Grammaticus
527 163 776 217 antevarrcnianae
794 162 955 233 fragmenta

119 324 162 377 est
184 338 275 377 sermo
299 325 328 377 et
351 323 513 378 adhibenda
530 325 676 391 tamquam
694 324 812 378 obrussa
830 323 916 391 ratic,
942 339 1016 393 quae
1034 322 1141 377 mutari

119 412 176 448 non
198 396 305 464 potest,
328 411 380 448 nec
402 395 540 448 utendum
562 395 730 463 pravissima
747 394 958 451 consuetudinis
977 393 1088 464 regula.
1109 425 1141 434 -

120 465 239 519 Sisenna
254 468 349 519 autem
362 466 444 534 quasi
458 466 622 520 emendator
635 467 770 520 sermonis
783 467 884 520 usitati
898 484 962 520 cum
976 482 1039 520 esse
1048 465 1142 532 vallet,

120 553 156 592 ne
179 554 197 590 e
220 536 248 591 G.
263 537 349 591 Rusio
373 538 488 607 quidem
511 541 674 592 accusatore
696 537 830 593 deterreri
852 537 947 607 potuit
969 555 1026 606 quc
1049 537 1143 590 minus

120 607 264 662 inusitatis
287 608 379 663 verbis
402 610 536 663 uteretur.
573 609 709 676 quidnam
731 609 805 664 istuc
828 611 889 664 est?
912 609 1006 677 inquit
1027 608 1143 676 Brutus3

121 683 171 735 aut
185 681 249 748 quis
263 683 307 734 est
319 681 374 734 iste
389 679 417 734 Ο.
433 680 554 734 Rusius?
573 684 602 734 et
614 680 677 734 ille:
696 680 752 735 fuit
766 682 920 747 accusator,
934 680 1038 749 inquit,
1053 681 1143 746 vetus,

121 769 176 819 quc
201 754 350 806 accusante
369 750 398 806 G.
413 751 559 805 Hirtilium
578 751 697 806 Sisenna
720 751 873 807 defendens
892 751 978 818 dixit,
1002 751 1144 820 quaedam

121 823 181 877 sius
195 823 360 892 sputatilica
377 839 438 877 esse
452 823 577 876 crimina.
610 826 671 876 tum
690 823 718 878 0.
733 823 849 877 Rusius:
870 822 1082 890 circumvenior,
1101 823 1142 875 in-

121 894 192 962 quit,
211 895 329 960 iudices,
348 894 403 948 nisi
420 894 583 949 subvenitis.
612 894 730 949 Sisenna
745 895 814 963 quid
829 895 906 949 dicat
919 895 1028 959 nesci0;
1046 897 1144 948 metuo

120 965 247 1019 insidias.
281 965 453 1034 sputstilica‚
476 965 545 1034 quid
564 967 696 1020 esthch
725 968 809 1034 sputa
827 966 896 1034 quid
915 965 953 1020 sit
972 965 1040 1031 scio,
1063 965 1144 1019 tilica

121 1037 224 1092 nescio.
261 1037 388 1093 maxumi
414 1037 500 1103 risus3
528 1038 578 1092 sed
600 1037 650 1091 ille
673 1041 769 1092 tamen
790 1036 940 1091 familiaris
962 1053 1043 1092 meus
1066 1039 1142 1092 recte

122 1107 201 1175 loqui
219 1107 339 1177 putabat
358 1125 418 1163 esse
437 1109 573 1164 inusitate
590 1108 677 1178 loqui.
711 1111 746 1176 cs.
761 1116 818 1164 teat.
832 1113 859 1164 2.
877 1111 914 1177 fr.
929 1110 963 1162 3:

192 1194 220 1244 2.
245 1189 332 1243 Varro
360 1207 405 1258 cp.
431 1190 499 1244 Gen.
519 1194 547 1254 2,
560 1193 639 1255 25,9
672 1188 789 1244 Sisenna
815 1206 888 1242 unus
923 1188 1085 1242 ‘adsentio’
1114 1188 1144 1241 in

123 1263 223 1315 senatu
237 1259 350 1314 dicebat
364 1263 393 1314 et
407 1277 471 1314 eum
489 1263 588 1328 postea
601 1260 685 1314 multi
699 1260 797 1328 secuti,
816 1276 908 1329 neque
921 1261 1019 1314 tamen
1033 1260 1143 1314 vincere

123 1331 354 1386 consuetudinem
367 1333 526 1401 potuerunt.
557 1331 650 1402 Quint.
662 1338 687 1399 1,
697 1336 724 1397 5,
735 1337 769 1386 13
783 1331 902 1386 Sisenna
911 1330 984 1384 dixit
995 1331 1142 1386 ‘assentio'

122 1402 261 1471 multique
281 1405 310 1456 et
327 1402 402 1457 hunc
421 1405 449 1456 et
468 1403 613 1470 analogias
632 1404 730 1458 secuti.

195 1487 220 1537 3.
239 1483 312 1552 qnod
334 1483 452 1538 Sisenna
478 1500 569 1538 rernm
595 1484 712 1552 scriptor
739 1484 810 1538 idem
832 1501 866 1538 ac
888 1484 987 1538 Plauti
1010 1483 1144 1552 interpres

129 1556 222 1609 Vossio
246 1555 312 1608 (tuce
335 1555 386 1608 din
408 1555 581 1609 aristenetus
603 1561 654 1620 est,
677 1555 708 1608 id
730 1572 814 1624 qnam
836 1557 907 1608 miro
930 1571 1021 1609 errore
1037 1555 1144 1620 factem

123 1628 161 1681 sit
173 1627 252 1680 hodie
266 1628 322 1679 eam
337 1631 450 1680 corwtat.
478 1627 513 1692 cf.
529 1627 685 1693 Buecheler,
699 1628 764 1681 Lat.
779 1626 906 1681 Berlin!
914 1644 946 1695 p.
962 1631 1024 1681 122.
1043 1626 1145 1694 Beryt,

124 1698 212 1753 Ber‘tr.
230 1715 254 1752 e.
274 1698 338 1752 Lat.
360 1697 482 1751 Gramm.
498 1703 559 1752 124.
601 1698 701 1752 Psilos.
723 1701 769 1762 29,
784 1701 848 1752 328.
890 1698 1024 1766 ceteroqui
1046 1697 1080 1751 de
1102 1694 1145 1750 ne

124 1770 235 1823 nterim
253 1771 285 1822 in
303 1770 388 1823 altero
406 1769 543 1822 eclnnrine
561 1769 772 1838 diapntabr'mns.
835 1788 837 1792 ⁴
956 1773 959 1778 '
1102 1785 1104 1788 ’

468 1967 504 2031 B.
528 1965 802 2033 FRAGMENTA

510 2124 560 2178 EX
578 2123 756 2178 HISTORIIS

458 2263 475 2316 1
501 2253 618 2336 [HRF
636 2261 700 2318 133
713 2253 810 2336 Peter]

193 2368 270 2441 Dyr.
294 2367 329 2426 de
351 2384 427 2439 rnna.
452 2367 482 2433 3,
497 2368 539 2424 74
563 2391 605 2412 =
636 2366 731 2424 Varro
753 2383 810 2423 rer.
833 2365 911 2423 trem.
934 2365 973 2438 fr.
992 2366 1057 2424 126

467 2512 666 2606 ‘mensule
686 2551 787 2606 sums

459 2689 482 2746 2
505 2680 554 2764 [ec
575 2688 631 2745 inc.
655 2687 751 2760 script.
777 2681 810 2764 3]

197 2795 405 2854 mediterream
450 2793 556 2851 melius
598 2811 688 2868 quam
733 2793 981 2851 mediterraneam
1023 2791 1150 2852 Sisenna

128 2884 188 2942 dici
210 2886 306 2960 putat.

201 2984 284 3037 Paul.
300 2981 374 3036 FeSt.
384 2999 415 3051 p.
432 2985 493 3047 123,
507 2985 545 3036 22
562 2996 719 3036 mediteneam
734 2997 853 3043 -putat

557 3125 732 3210 enee]
764 3167 772 3175 .-

196 3242 269 3298 item
292 3239 392 3316 plures
413 3243 514 3315 patres
537 3237 668 3296 familias
692 3237 787 3296 dicere
806 3256 866 3296 non
889 3235 1065 3312 debuerunt,
1089 3236 1149 3314 sed,

129 3333 165 3388 ut
189 3328 313 3388 Sisenna
336 3329 448 3402 scribit,
471 3331 572 3404 patres
595 3327 791 3387 familiarum

136 3473 137 3476 r
204 3421 293 3474 terro
319 3420 354 3473 n
380 3419 397 3473 z.
418 3419 453 3473 n,
478 3422 505 3485 s,
521 3421 556 3473 73
592 3431 646 3471 am
663 3447 690 3472 -,
706 3430 850 3471 sunm.
902 3416 985 3471 noe
1013 3416 1046 3470 a
1076 3392 1150 3470 noa.

95 3502 132 3552 fl
148 3492 216 3552 m,
230 3494 279 3544 27
287 3493 379 3558 pater
394 3490 526 3548 familias
546 3506 586 3546 an
603 3491 687 3562 patet
704 3487 847 3543 familiae
873 3489 957 3556 natet
971 3485 1100 3541 familias.
1115 3486 1164 3541 91)]

90 3555 229 3624 ’ΜῘΨΙῈ
249 3561 413 3620 dicebatur
431 3609 633 3625 ,,,,,,,,,
647 3594 658 3622 ν.
677 3609 682 3620 .
701 3563 820 3619 secutus
838 3560 884 3616 est
899 3559 933 3613 et
943 3555 1096 3627 §tessella-5
1110 3556 1165 3621 sei.
