2400 3824
226 173 313 229 Iulius
332 174 442 229 Caesar.
479 173 606 228 Volnius.
645 174 753 228 Antias.
792 173 909 228 Sisenna
1013 172 1075 238 127

315 416 593 504 VALERIUS
625 407 815 502 ANTIAS

134 585 199 640 Vsu.
214 589 242 651 2,
256 589 274 639 9
292 585 436 639 vetustior
448 584 566 668 Sisenna
584 583 639 637 fuit
658 582 777 652 Coelius,
797 583 924 653 aequalis
943 583 1078 638 Sisennae

51 688 88 698 -
105 655 235 710 Valerius
254 656 361 710 Antias
419 668 423 673 ’

427 835 475 888 ax
498 833 706 888 amaneus
802 904 803 908 Ν

404 971 421 1026 1
447 961 564 1046 [aar
581 970 622 1026 10
636 945 733 1047 aaa]

124 1075 242 1132 Anoum
272 1061 465 1149 praenomen
480 1107 522 1115 —
546 1072 685 1133 Valerius
713 1074 821 1134 Antias
852 1074 965 1150 scribit,
977 1087 979 1091 ’
999 1073 1078 1150 quod

54 1163 191 1222 cubitum
215 1163 358 1222 vitiosum
380 1163 528 1238 habuerit,
553 1165 605 1239 qui
628 1182 732 1241 graece
756 1159 918 1223 vocatur’
903 1162 1010 1243 eyneis

129 1263 309 1388 Inw-t'ade
309 1279 452 1331 praenota.
476 1267 493 1322 4
530 1275 744 1325 Anrzmneumpas
708 1288 774 1317 omrre
805 1261 894 1317 Varro
929 1262 979 1334 [fr
1003 1264 1079 1334 325],

55 1348 151 1387 Valeuri
243 1355 303 1396 γκων
689 1381 691 1384 ⁴

518 1470 541 1526 2
578 1469 601 1525 2

128 1570 224 1650 ὄνομα
244 1568 275 1631 δὲ
296 1570 400 1632 κοινὸν
417 1571 545 1644 ἅπαντες
565 1460 691 1633 {aegros
665 1529 759 1652 ιἔσχον
778 1571 910 1650 Κελέριοι
934 1567 1079 1653 [equites]‚

57 1658 98 1732 ὡς
122 1658 177 1739 μὲν
201 1683 229 1721 οι
222 1661 367 1732 πλείους
390 1661 568 1742 γράφουσιν,
591 1659 639 1721 ἐπὶ
659 1671 712 1740 τῆς
731 1659 870 1739 ὀξύτητος
893 1669 951 1722 τῶν
970 1660 1079 1741 ὑπηρε-

58 1759 209 1829 σιῶν,-
239 1746 279 1822 ὡς
303 1747 335 1809 δὲ
357 1746 555 1830 Οὐαλέριος
541 1772 557 1809 o
578 1744 708 1823 Ἀντιεύς
732 1767 840 1830 φησιν,
867 1747 915 1810 ἔπι
937 1746 1004 1810 τὀῦ
1013 1747 1079 1831 ἡγε-

59 1838 152 1918 μόνος
175 1839 274 1900 αυτῶν
297 1833 375 1900 τοῦτ’
402 1837 519 1919 ἔχοντος
541 1835 681 1918 τοῦνομα.

130 1939 250 2008 Diony&
266 1940 304 1993 H.
319 1943 347 2005 2,
360 1943 427 1993 13''
413 1962 488 2002 ονομα
505 1971 538 1979 -
553 1943 664 2002 τοῦνομα.

229 2307 274 2390 L.
308 2305 635 2392 CORNELIUS
668 2304 910 2392 SISENNA

220 2478 304 2526 uatus
322 2474 396 2528 eirea
414 2491 440 2528 o.
456 2473 595 2544 635l119,
623 2479 747 2527 mortuus
765 2491 791 2527 e.
807 2472 920 2543 687s67

404 2653 442 2720 A.
467 2651 738 2718 TESTIMONIA

134 2799 158 2847 1.
180 2793 235 2846 Oia.
261 2795 344 2847 Brut.
363 2797 466 2862 258sq.
504 2792 595 2846 solum
622 2792 750 2861 quidem,
783 2792 876 2861 inquit
905 2792 955 2847 ille
987 2795 1079 2876 [Pom-

55 2865 161 2933 ponius
171 2864 302 2935 AttiousJ,
317 2867 346 2917 et
360 2864 442 2933 quasi
455 2863 670 2918 fundamentum
685 2864 804 2919 oratoris
817 2864 895 2918 vides
910 2864 1081 2919 locutionem

60 2935 240 2989 emendatam
258 2938 287 2988 et
301 2935 439 3002 Latinam,
459 2935 538 2989 onius
556 2951 642 3004 penes
661 2952 731 3004 quos
750 2935 812 2989 laus
831 2935 923 2989 adhue
941 2935 1005 3005 fuit,
1024 2954 1081 2991 non

59 3007 115 3059 fuit
133 3006 253 3060 rationis
269 3008 318 3060 aut
332 3007 474 3076 scientiae,
495 3007 544 3061 sed
559 3006 640 3074 quasi
654 3007 745 3061 bonae
760 3007 978 3062 consuetudinis.
997 3007 1080 3063 mitto

61 3077 87 3131 G.
104 3076 232 3131 Laelium
246 3077 276 3131 P.
292 3077 463 3146 Scipionem:
488 3077 590 3132 aetatis
609 3077 686 3131 illius
705 3079 762 3132 ista
780 3077 836 3132 fuit
853 3078 915 3131 laus
935 3081 1081 3147 tamquam

60 3148 239 3203 innocentiae
254 3149 294 3202 sio
308 3149 398 3203 latine
411 3148 546 3218 loquendi
560 3151 622 3219 (neo
636 3151 761 3204 omnium
775 3152 878 3216 tamen,
893 3168 959 3203 nam
968 3150 1081 3204 illorum

61 3220 194 3290 aequales
218 3219 370 3274 Caecilium
399 3223 428 3274 et
449 3220 602 3275 Pacuvium
629 3220 703 3276 male
731 3221 838 3279 leontos
866 3221 1003 3292 videmus)
1031 3223 1081 3276 sed

61 3305 157 3346 omnes
176 3293 237 3344 tum
255 3290 323 3359 fere,
342 3291 391 3359 qui
409 3308 460 3345 neo
480 3294 559 3346 extra
576 3291 675 3346 urbem
693 3292 766 3346 hano
784 3291 911 3346 vixerant
928 3309 1018 3360 neque
1034 3311 1080 3348 eos

61 3362 158 3431 aliqua
177 3362 321 3417 barbaries
337 3363 491 3418 domestica
505 3363 701 3431 infuscaverat,
720 3365 795 3418 reete
809 3363 1004 3430 loquebantur.
1032 3364 1081 3417 sed

60 3433 133 3488 hane
153 3438 229 3488 certe
243 3434 305 3488 'rem
325 3433 495 3490 deteriorem
511 3437 635 3489 vetustas
653 3434 724 3490 feeit
742 3436 773 3490 et
784 3435 898 3490 Romae
915 3436 948 3489 et
955 3435 995 3487 ’in
1002 3434 1097 3486 Sias-

60 3505 112 3560 oia.
150 3505 342 3560 confluxerunt
366 3505 443 3562 enim
471 3509 502 3564 et
525 3507 657 3565 Athenas
687 3511 717 3566 et
738 3508 775 3564 in
790 3507 876 3563 hano
896 3505 1008 3560 urnam
1024 3497 1123 3552 unffi

50 3574 200 3642 inquinate
221 3575 371 3644 loquentes
392 3595 427 3635 ex
448 3581 572 3641 diversis
592 3583 680 3643 loeis.
715 3581 902 3657 quo-mnata
920 3567 1144 3645 &mannus
