2400 3824
132 215 197 279 468
299 214 504 268 Grammaticos
524 214 626 268 aetatis
644 215 806 282 Augusteae
824 213 984 283 fragmenta

133 376 178 442 (of.
192 376 262 429 Aur.
281 374 371 444 Opill,
388 375 434 428 At.
449 375 532 440 Plu,
548 374 627 428 Simu.
644 374 709 443 Cap.
725 379 825 440 test.1;
843 375 902 428 Ael.
920 375 1003 438 Gall,
1017 373 1066 427 At.
1085 373 1153 442 Cap.

132 449 163 500 iu
177 448 296 516 fream).
328 453 418 502 taurea
432 463 515 513 meque
529 447 573 498 liis
586 453 713 500 constans
727 447 805 500 Festi
817 462 874 499 mos
887 452 926 499 est
943 445 988 513 (of.
1004 446 1066 498 Ael.
1083 445 1154 500 Stilo

132 523 188 573 test.
206 522 234 583 2,
254 519 336 572 Mess.
356 517 459 583 Rufus,
479 518 581 571 Autist.
601 518 712 585 Labeo),
731 524 756 570 et
776 517 898 571 Cloatius
918 517 1003 570 Verus
1021 533 1041 569 a
1063 516 1154 570 Gellio

132 606 192 642 uma
210 606 273 643 oum
292 590 422 654 Varroue,
442 606 460 641 a
480 589 624 642 Macrobio
643 606 704 642 euri
720 588 808 642 Gauio
823 589 921 652 Basso,
940 605 1001 641 oum
1021 588 1154 654 Veranio,

132 676 193 714 oum
208 659 296 728 Oppio
311 661 426 728 aliisque
440 661 594 714 vetustioris
609 661 707 714 aetatis
721 661 899 727 scriptoribus
912 667 1154 725 soorraemoratur;

134 749 218 800 quare
237 733 269 785 ele
286 749 342 786 uuo
361 732 501 799 eodemque
519 731 626 785 tomiue
644 733 692 801 aqi
709 732 777 784 satis
794 731 938 784 uerisimile
952 735 998 783 est.
1027 733 1078 798 qui
1091 748 1154 784 eum

132 803 214 870 ticam
228 803 385 873 Auqustum
402 803 508 856 mouerit
522 803 566 871 (fr.
578 805 605 869 9)
623 801 763 870 Verriique
777 809 873 855 auster
885 803 979 868 fuerit,
998 802 1083 855 iuitio
1096 804 1153 868 fere

134 875 291 944 Auqusteae
309 875 407 928 aetatis
430 874 521 927 clarus
539 875 643 938 eatitr't;
666 874 697 926 id
715 873 786 942 quod
808 890 870 926 eum
888 889 917 927 eo
935 874 1063 926 oouoeuit
1080 874 1154 942 qaod

134 945 234 1000 Festus
249 946 387 1000 Cloatium
405 951 545 1012 tamquam
561 962 594 998 ea
608 945 711 999 Stiloue
728 945 885 1012 peudeutem
904 945 1015 1011 saepius
1034 945 1153 1010 imduoit,

134 1018 215 1071 Ateio
225 1017 376 1086 Philoloqo‚
392 1017 486 1070 Oiuaio
495 1015 614 1070 Sumtrae
623 1018 783 1085 plerumque
796 1017 966 1069 adiunctum.
990 1021 1089 1070 umere
1102 1017 1154 1070 liae

133 1089 165 1141 iu
183 1105 212 1142 re
230 1089 422 1142 iudicaueraut
445 1088 545 1156 quer,
568 1087 632 1140 Lat.
651 1104 728 1142 serm.
747 1093 796 1141 oet.
815 1088 872 1140 rell.
891 1088 935 1140 sel.
953 1102 981 1154 p.
997 1090 1035 1140 32
1055 1087 1153 1142 adm1

134 1164 159 1212 et
179 1159 294 1224 Mirsele,
313 1160 346 1213 ‹le
366 1159 444 1212 Varr.
466 1161 551 1227 autiq.
570 1175 622 1212 rer.
641 1159 713 1211 lium.
730 1175 758 1226 qi.
775 1163 808 1212 11
827 1159 892 1212 adu.
907 1162 927 1212 2
944 1159 988 1225 (ef.
1005 1175 1035 1226 p.
1053 1162 1108 1227 51).

206 1373 338 1441 reliquias
356 1373 414 1426 coll.
435 1373 535 1442 quer,
555 1373 618 1426 Lat.
640 1389 716 1426 serm.
736 1379 784 1426 ret.
803 1372 860 1426 rell.
884 1372 928 1426 sel.
954 1373 1153 1440 (Paris1843)

131 1459 161 1582 112,
177 1444 322 1586 {2900}
340 1443 431 1509 (loeta,
450 1443 727 1513 Pauly-Wiss.1lE
743 1448 768 1509 4,
784 1448 827 1497 61.
860 1445 973 1511 Prosop.
991 1445 1059 1512 imp.
1075 1444 1153 1498 Rom.

508 1746 781 1814 FRAGMENTA

311 1922 517 1978 VERBORUM
536 1923 560 1976 A
580 1922 732 1977 GRAECIS
751 1922 976 1977 TRACTORUM

213 2066 280 2120 Gell.
297 2070 341 2131 16,
357 2069 400 2131 12,
416 2070 431 2118 1
451 2063 575 2118 Cloatius
590 2065 679 2119 Venus
698 2066 728 2118 in
742 2065 830 2132 libris,
850 2081 920 2132 quos
934 2065 1082 2134 inscripsit
1096 2081 1155 2118 ver-

138 2137 238 2190 borum
257 2153 274 2189 a
295 2136 408 2190 Graecis
427 2138 594 2204 tractorum,
612 2153 669 2190 non
686 2153 778 2205 pauca
796 2136 890 2190 hercle
909 2136 980 2189 dicit
998 2137 1110 2190 curiose
1130 2140 1157 2191 et

139 2208 278 2330 soffaeiter
297 2207 463 2274 conquisita,
483 2223 573 2274 neque
592 2224 648 2260 non
666 2211 763 2261 temen
781 2209 920 2275 quaedam
938 2207 1049 2260 futtilia
1064 2211 1094 2261 et
1108 2208 1156 2261 fri-

138 2295 173 2333 vo
187 2297 211 2332 a.
236 2281 380 2346 iuseriptio
395 2297 413 2332 a
428 2279 572 2363 Mareotis
590 2280 769 2362 confirmatur
788 2280 833 2348 (fr.
849 2281 885 2349 5).
904 2279 937 2333 de
954 2296 984 2333 re
996 2281 1033 2362 of.
1049 2280 1155 2363 qusi·

139 2357 225 2406 crates
242 2369 272 2420 p.
296 2355 358 2405 108.
395 2352 477 2405 uerba
495 2369 526 2405 τη
549 2352 654 2404 litteras
679 2352 784 2420 oquesta
806 2367 863 2405 mou
881 2357 972 2415 eraut,
997 2367 1024 2404 si
1047 2352 1156 2419 quidem

142 2422 247 2476 Gellius
265 2425 320 2492 (16,
334 2425 380 2488 12)
399 2423 430 2475 iu
447 2424 543 2492 qlossis
562 2423 709 2488 afferendis
724 2421 827 2476 Cloatii
844 2423 967 2476 ordimem
984 2428 1094 2477 secutus
1111 2430 1155 2477 est.

139 2511 189 2548 uos
207 2501 298 2548 tamem
316 2510 416 2548 morem
433 2501 556 2547 uestrum
570 2510 769 2562 persequemur.

544 2648 561 2702 1
588 2637 621 2722 [1
640 2637 752 2722 quer]

207 2769 254 2826 lib.
274 2769 333 2828 IV.
383 2770 416 2826 in
443 2768 519 2827 libro
549 2771 655 2844 quanto
684 2762 843 2848 [Cloatius]
874 2768 1086 2827 foenerator
1114 2769 1157 2826 in·

141 2859 207 2931 quit
244 2857 454 2932 appellatus
492 2860 545 2917 est
582 2860 687 2934 quasi
728 2856 950 2936 φαινεράτωρ
987 2853 1057 2918 ἀπὸ
1096 2865 1157 2917 τοῦ

141 2945 340 3020 φαίνεσθαι
376 2943 431 3004 ἐπὶ
468 2945 504 3006 τὸ
540 2945 787 3026 χρηστότερον,
825 2948 966 3022 quoniam
997 2945 1031 3004 id
1063 2966 1158 3024 genus

141 3035 296 3092 hominum
320 3035 447 3110 speeiem
471 3038 620 3094 ostentent
649 3036 846 3094 humanitatis
870 3038 900 3093 et
922 3035 1072 3094 commodi
1097 3055 1158 3096 esse

115 3123 301 3181 evideantur
327 3124 467 3198 inopibus
495 3143 632 3183 nummos
661 3124 904 3198 desiderantibus,
931 3124 1023 3199 idque
1048 3124 1159 3186 dixisse

142 3213 185 3270 ait
208 3213 409 3287 Hypsicraten
432 3216 603 3289 quempiam
626 3216 862 3291 grammaticum,
885 3212 968 3272 ouius
990 3213 1063 3272 h'bri
1087 3233 1158 3274 sane

142 3301 256 3359 nobiles
280 3305 350 3360 sunt
372 3319 462 3378 super
484 3302 540 3376 his,
564 3322 639 3377 quae
663 3323 681 3362 a
705 3301 824 3361 Graeois
849 3304 971 3378 eoeepta
993 3306 1074 3362 sunt.

211 3400 280 3459 Geli.
298 3405 344 3471 16,
359 3404 404 3471 12,
419 3404 435 3458 5
455 3401 506 3456 set
522 3415 619 3456 sunam
633 3419 711 3464 qums
731 3401 895 3471 i‘oerborma
913 3419 932 3454 a
951 3400 1068 3456 Graecis
1087 3408 1159 3456 troo-

127 3477 237 3533 torum'
265 3510 295 3520 -
309 3496 409 3545 accepts
421 3494 484 3536 suni.
509 3476 571 3531 s'we
584 3474 644 3528 hes
661 3475 758 3527 autem
770 3472 836 3538 'unes
849 3470 975 3522 exessu
988 3471 1050 3523 ξω
1063 3474 1160 3527 nescio

119 3551 188 3618 quis
215 3477 297 3611 aiius
324 3552 437 3614 nebulo
464 3549 611 3618 effutivit,
630 3545 710 3600 ntn'n
728 3542 828 3610 estest
848 3537 1065 3590 t'xe'xmffim,
1099 3543 1176 3590 essee

60 3692 63 3697 .
122 3623 220 3686 Varro
240 3632 281 3702 fr.
300 3636 350 3690 36.
391 3632 428 3690 de
450 3628 545 3686 Gellii
566 3628 685 3680 nauare
702 3616 743 3683 ef·
761 3609 946 3680 Honwffl
962 3605 1002 3656 ⁰³
1016 3603 1098 3664 Μ-
