2400 3824
443 199 480 253 M.
500 198 646 257 Terentius
666 198 753 252 Varro
1040 197 1103 261 291

516 370 582 426 aee
607 361 677 446 [43]

156 472 306 534 lacrumae
334 494 373 533 an
401 476 555 549 lacrimae,
585 492 740 532 maxumus
769 493 807 532 an
834 475 994 549 maximus,
1024 477 1054 532 et
1081 474 1107 532 si

89 585 150 641 qua
169 565 279 624 similia
303 567 381 639 sunt,
405 557 463 640 quo
482 563 569 622 medo
582 554 682 622 'scribi
701 555 836 638 debeant
861 564 1030 638 quaesitum
1054 566 1105 621 est.

91 655 248 713 Terentius
269 653 366 712 Varro
389 653 516 711 tradidit
540 651 695 711 Gaesarem
718 672 771 727 per
793 654 805 710 i
828 652 890 711 eius
913 651 995 710 medi
1017 651 1107 711 verba

91 743 214 802 solitum
242 761 305 802 esse
334 743 489 801 enuntiare
513 745 544 800 et
566 741 708 816 scriber03
737 741 806 800 inde
830 743 953 818 propter
980 742 1106 800 auctori·

88 835 184 891 tatem
207 832 286 890 tanti
309 833 368 890 viri
391 831 633 892 consuetudinem
656 831 776 889 factam.
1121 851 1133 892 u

162 934 237 984 Aua.
260 930 370 985 Ooruut.
391 947 435 999 ap.
457 929 577 984 Cassiod.
594 930 660 984 ortt.
677 933 834 997 p.150,10
851 944 964 983 mammae
978 961 1005 968 —
1017 943 1107 984 facum.

90 1001 137 1055 sed
154 1018 206 1071 ego
221 1002 251 1055 in
266 1001 457 1069 antiquiorum
471 1000 560 1054 multo
575 999 656 1053 libris
673 1000 747 1071 [libr.
758 1018 794 1054 m.
806 1002 897 1055 Paris.
910 1000 1003 1072 7495]‚
1022 1016 1108 1068 quam

90 1072 177 1128 Gaius
196 1071 299 1126 Caesar
317 1075 372 1139 est,
391 1090 441 1141 per
459 1090 478 1125 u
496 1072 629 1140 pleraque
648 1072 754 1140 scripta
771 1071 896 1139 invenio,
916 1073 1046 1140 optumus
1064 1071 1108 1124 iu·

90 1148 185 1197 tumus
203 1144 415 1213 pulcherrumus
434 1143 533 1197 lubido
550 1142 704 1196 dicundum
722 1142 885 1196 faciundum
902 1158 1031 1196 maxume
1049 1160 1108 1196 mc-

91 1219 256 1270 numentum
276 1215 447 1269 contumelia
465 1215 597 1268 minume.
626 1213 726 1268 melius
744 1217 839 1267 tamen
858 1216 948 1267 estet
967 1214 1003 1266 ad
1021 1231 1108 1268 enun-

90 1287 219 1340 tiandum
243 1289 272 1340 et
295 1287 331 1339 ad
355 1285 533 1340 scribendum
552 1285 562 1337 i
580 1285 706 1339 litteram
728 1303 779 1354 pro
802 1304 821 1338 u
843 1302 960 1354 ponere,
983 1284 1013 1338 in
1032 1285 1108 1354 qued

90 1359 147 1411 iam
177 1359 349 1412 consuetudo
376 1357 531 1412 inclinavit.
569 1358 638 1411 laid.
662 1375 700 1412 cr.
726 1363 751 1423 1,
769 1361 816 1423 27,
835 1362 870 1410 15
897 1374 1043 1409 maxumus
1071 1373 1108 1410 an

90 1430 228 1482 maximus
248 1433 277 1483 et
296 1429 319 1482 si
338 1444 394 1497 qua
418 1428 523 1482 similia
546 1431 612 1482 sunt
629 1428 752 1495 qualiter
775 1428 859 1482 scribi
883 1428 1005 1481 debeant
1023 1444 1107 1496 quae-

92 1501 177 1553 situm
201 1504 250 1554 est.
285 1500 373 1554 Varro
396 1500 516 1553 tradidit
539 1498 687 1554 Caesarem
709 1517 760 1568 per
782 1499 793 1552 i
816 1499 899 1552 huius
923 1499 1000 1553 medi
1024 1499 1109 1552 verba

92 1573 239 1625 enuntiare
259 1574 287 1624 et
306 1571 426 1626 scribere
446 1571 561 1624 solitum
580 1587 647 1624 esse.
685 1571 751 1624 inde
776 1573 892 1640 propter
910 1571 1107 1625 auctoritatem

91 1645 166 1696 tanti
180 1643 234 1696 viri
250 1643 480 1697 consuetudinem
494 1641 609 1708 iactam,
628 1644 660 1694 ut
678 1642 816 1694 maximus
831 1643 953 1710 optimus
971 1642 1108 1710 pessimus

92 1715 239 1768 scribatur.
275 1715 310 1780 cf.
332 1715 433 1770 Cacsar·
452 1721 507 1768 test.
524 1719 566 1767 10.
599 1715 648 1768 boc
666 1720 690 1767 ct
708 1730 778 1781 quac
795 1720 924 1768 securatur·
941 1714 997 1780 fere
1015 1716 1108 1768 amaia

91 1788 247 1856 fragmenta
262 1803 346 1854 usque
361 1787 398 1839 ad
412 1787 447 1851 fr.
458 1790 513 1840 294
532 1787 563 1838 iu
578 1785 657 1839 libris
670 1786 714 1838 De
728 1801 804 1839 serm.
820 1785 854 1839 L.
873 1786 959 1851 suisne
973 1786 1107 1839 uidentur.

92 1861 128 1924 cs.
145 1858 303 1912 Wibaauua
317 1876 346 1926 p.
362 1861 441 1925 47sq.
457 1861 535 1926 dalaq.
556 1863 580 1910 et
597 1873 684 1925 cuma
700 1856 789 1924 praef.
809 1857 846 1910 ad
865 1857 913 1910 boc
931 1872 1006 1923 opas.

165 1953 279 2028 adebda
303 1964 418 2032 (debent
440 1967 493 2034 ng.)
518 1965 602 2017 Bere.
626 1979 667 2034 vy.
693 1962 809 2028 debent,
839 1964 937 2018 emisso
961 1962 1108 2031 quomode,

93 2036 206 2088 Bruxel.
225 2036 329 2090 Colca:
349 2053 396 2088 eru.
414 2035 511 2090 Oarrio
597 2040 613 2087 3
632 2033 720 2087 tradit
735 2035 819 2088 Beru.
902 2040 918 2086 4
938 2034 1108 2088 adnunciare

92 2107 169 2175 (-tia-
190 2106 293 2175 Colca)
313 2109 427 2161 Bruael.
448 2107 540 2162 Colca.
561 2108 589 2158 et
608 2107 703 2158 enunt.
722 2108 791 2160 caui.
812 2106 877 2159 Keil

520 2259 585 2316 270
610 2250 681 2336 [aa]

161 2367 206 2422 est
220 2364 366 2439 quaedam
384 2366 487 2422 littera
505 2364 574 2422 inf
594 2363 712 2422 litterae
731 2365 859 2439 speciem
876 2362 1013 2439 figurata,
1034 2381 1108 2437 quae

92 2453 244 2529 digamma
271 2454 451 2527 nominatur,
482 2454 553 2528 quia
576 2453 649 2511 duos
678 2454 775 2527 apices
800 2471 834 2510 ex
858 2471 977 2530 gamma
1006 2451 1108 2509 littera

91 2542 202 2601 habere
225 2543 369 2602 videatur.
415 2541 452 2600 ad
475 2542 563 2600 huius
587 2541 810 2599 similitudinem
836 2542 901 2599 soni
924 2541 1019 2598 nostri
1042 2558 1108 2598 con·

93 2633 212 2689 iunctas
244 2632 361 2690 vocales
394 2631 565 2708 digammon
602 2630 753 2706 appellare
790 2630 962 2704 voluerunt,
999 2631 1033 2686 ut
1065 2631 1110 2687 est

93 2724 199 2780 votum
212 2721 306 2798 virgo.
343 2721 447 2794 itaque
465 2721 497 2777 in
516 2721 614 2794 prima
632 2718 748 2794 syllaba
762 2719 912 2796 digamma
927 2721 957 2776 et
974 2718 1108 2777 vocalem
1122 2737 1135 2778 u

93 2812 228 2885 oportuit
255 2812 339 2885 poni,
368 2811 476 2867 fctum
503 2811 610 2887 fuge,
641 2808 721 2883 quod
745 2811 775 2866 et
796 2807 895 2866 Aeolii
922 2808 1056 2866 fecerunt
1079 2810 1109 2865 et

93 2900 212 2973 antiqui
226 2900 328 2972 nostri,
349 2901 425 2957 sicut
439 2900 586 2973 scriptura
600 2900 630 2955 in
646 2897 824 2973 quibusdam
842 2896 951 2955 libellis
969 2897 1108 2955 declarat.

92 2989 171 3046 banc
193 2988 326 3046 litteram
351 2988 505 3046 Terentius
531 2987 625 3045 Varro
649 2987 720 3044 dum
743 2987 809 3045 vult
831 2986 1042 3061 demonstrare,
1065 2988 1110 3044 ita

91 3076 258 3153 perscribit,
281 3096 346 3135 vau.

166 3177 241 3229 Anu.
264 3175 375 3229 Cernat.
395 3193 439 3243 ap.
462 3176 582 3230 ausura
600 3192 629 3243 p.
650 3179 743 3240 rias
771 3191 804 3227 eu
822 3189 932 3236 quaenam
945 3205 971 3212 -
987 3188 1111 3238 peracuta,

92 3273 144 3300 vau.
177 3248 265 3301 Prisc.
278 3265 306 3314 p.
323 3250 393 3314 15,1
413 3264 432 3299 u
446 3263 509 3300 vere
524 3245 585 3300 loco
600 3245 778 3299 consonantis
792 3245 886 3314 posita
900 3245 1018 3299 eandem
1031 3261 1111 3313 pror-

94 3335 141 3371 sus
165 3317 195 3370 in
219 3317 348 3371 omnibus
371 3317 428 3372 vim
451 3317 553 3371 habuit
576 3317 652 3386 apud
675 3317 790 3370 Latinos
813 3333 897 3384 quam
919 3316 995 3385 apud
1014 3315 1112 3369 Aeolis

94 3389 252 3459 digamma;
275 3389 350 3443 unde
374 3407 391 3442 a
415 3388 556 3458 plerisque
580 3389 606 3441 ei
628 3404 730 3442 nomen
753 3388 808 3441 bec
825 3388 927 3453 datur„
943 3386 1027 3452 qued
1040 3386 1127 3448 aque

92 3459 189 3512 Aeolis
212 3461 314 3513 babuit
338 3459 405 3514 clim
430 3461 455 3516 f
481 3461 630 3534 digamma
654 3461 689 3517 id
715 3463 761 3516 est
780 3478 858 3526 rau„
884 3458 925 3512 alu
945 3454 1049 3523 ’κρέως
1069 3461 1147 3498 uuae

78 3529 239 3595 profectum
267 3534 342 3586 teste
369 3533 500 3592 Varrone
527 3539 559 3593 et
584 3536 736 3610 Didymo,
763 3534 820 3605 qui
842 3531 881 3586 'ub
906 3529 941 3584 e'u
960 3534 1079 3578 neuneu
1101 3522 1179 3595 aasz

72 3598 234 3652 ostendunt.
256 3603 292 3668 ef.
307 3605 408 3675 Quint.
423 3615 452 3679 1,
469 3616 498 3682 4,
513 3617 542 3670 7,
561 3618 610 3684 12,
630 3619 677 3683 10,
694 3616 746 3669 29.
768 3611 855 3666 Dua.
873 3604 944 3658 Ter.
959 3577 1162 3650 uude-1223
1189 3603 1194 3614 '

910 3703 974 3754 ia*
