2400 3824
131 149 194 214 106
311 149 518 205 Grammatieae
537 153 787 206 antevarronianae
804 151 965 222 fragmenta

479 365 790 433 FRAGMENTUM

430 523 689 579 communen
713 525 843 580 NAEVII

194 657 273 732 apud
288 658 436 716 Naevium
456 653 554 736 [FPR
569 653 679 737 6213]
698 653 801 734 ‘atque
814 662 898 735 prius
911 660 1011 735 pariet
1029 661 1147 718 lucusta

125 747 224 805 lucam
246 741 378 806 bovem':
406 780 449 788 -
479 748 512 805 in
534 747 662 825 Vergilii
689 742 922 828 [coementario]
951 749 989 808 ab
1017 748 1147 808 Luoanis

125 837 222 895 luoas:
241 836 278 893 ab
293 855 328 894 eo
342 836 422 911 quod
440 838 544 910 nostri,
563 855 631 895 eum
647 837 808 895 maximam
826 837 1042 914 quadripedem
1056 857 1146 914 quam

125 926 184 1001 ipsi
207 925 350 983 haberent
377 929 518 984 vocarent
540 926 644 984 bovem
669 928 698 984 et
722 927 754 984 in
776 926 906 986 Lucanis
928 927 1040 1003 Pyrrhi
1066 927 1147 986 bello

98 1015 256 1090 sprimum
278 1013 423 1073 vidissent
444 1014 524 1090 apud
546 1014 641 1074 hostis
664 1015 847 1091 elephantos,
869 1015 937 1075 ideo
962 1011 1049 1095 [non]
1073 1019 1148 1076 item

126 1103 323 1178 quadripedes
347 1107 486 1162 cornutas
510 1096 595 1184 (nam
618 1123 692 1179 quos
716 1104 818 1163 dentes
841 1105 930 1164 multi
953 1106 1058 1164 dieunt
1077 1108 1148 1164 sunt

125 1184 260 1273 cornua),
290 1192 440 1251 Lucanam
469 1193 573 1251 bovem
603 1193 683 1268 quod
709 1193 867 1270 putabant,
899 1193 1013 1254 Luoam
1040 1195 1148 1254 bovem

125 1281 333 1357 appellassent.

202 1381 290 1434 Varro
308 1381 341 1434 de
359 1381 376 1433 l.
393 1382 426 1434 Ie.
443 1384 473 1446 7,
488 1385 525 1434 39
543 1395 604 1443 apud
621 1395 733 1435 Naevium
747 1397 882 1436 -bovem
904 1381 1057 1452 [Secuntur
1077 1399 1147 1451 quae

124 1451 156 1504 in
175 1450 296 1505 Cornelii
312 1452 349 1517 fr.
368 1453 472 1520 scripta
489 1452 566 1523 aaut]
589 1451 620 1504 in
639 1451 760 1506 Cornelii
779 1453 980 1506 commentario
1004 1453 1052 1523 [fr.
1068 1453 1099 1524 1]
1120 1456 1148 1506 et

122 1536 252 1586 anergssss
266 1537 601 1586 saturante—appenuaena
634 1524 659 1578 si
677 1523 714 1578 ab
729 1524 819 1593 Libya
838 1525 931 1578 diotae
945 1528 1040 1579 essent
1055 1523 1147 1589 lucae,

122 1591 242 1647 fortasse
261 1610 298 1647 an
315 1594 471 1662 pantherae
490 1612 601 1663 qnoque
620 1598 649 1648 et
667 1594 762 1650 leones
780 1613 836 1650 non
851 1595 964 1649 Africae
980 1595 1089 1650 bestiae
1105 1595 1147 1648 di-

122 1666 252 1719 cerentur
270 1664 320 1718 sed
338 1664 427 1732 lucae,
446 1682 537 1734 neque
555 1667 613 1720 ursi
628 1667 723 1734 potins
737 1666 844 1721 Lucani
862 1683 948 1734 quam
962 1666 1028 1721 luci.
1057 1683 1147 1736 quare

122 1751 175 1805 ago
204 1737 282 1807 [ergo
301 1737 397 1809 Fue]
423 1737 544 1794 arbitror
570 1738 665 1806 potius
692 1737 770 1792 lucas
795 1739 830 1792 ab
854 1737 924 1793 luoe.
961 1739 1092 1794 similiter
1115 1756 1148 1794 ae

128 1809 264 1878 Veryele'ue
282 1809 362 1863 Pleu.
382 1827 409 1862 a,
429 1810 455 1862 le.
475 1814 507 1876 8,
527 1814 570 1864 16.
601 1811 670 1864 Isiu
689 1827 728 1864 or.
749 1814 844 1877 ιω,
860 1814 902 1865 15.
935 1811 971 1876 ef.
987 1811 1148 1876 Buecheler,

122 1880 175 1935 Re.
192 1879 268 1934 Mea.
284 1886 329 1946 40,
345 1885 405 1935 149.

195 1973 210 2021 2
229 1968 336 2038 virgilii
355 1969 438 2023 Flor.
520 1975 537 2022 4
555 1969 632 2037 pyrri
651 1971 734 2025 Flor.
819 1970 918 2024 tideo
936 1971 1049 2038 eeripai:
1069 1970 1148 2024 idem

122 2056 178 2093 non
197 2041 296 2095 reclusi
367 2046 383 2094 8
406 2039 596 2109 appellassent
617 2041 696 2096 Goth.
712 2043 807 2097 Have.
827 2040 986 2110 appellasse
1004 2043 1091 2097 Flor.
1105 2060 1147 2113 op.

382 2307 699 2395 STABERIUS
732 2308 880 2395 EROS

466 2496 503 2561 A.
528 2496 797 2562 snsuuuoiun

121 2582 232 2638 VITAE

193 2697 217 2745 1.
237 2691 309 2746 Suet.
325 2691 357 2744 de
370 2709 484 2762 promen.
501 2695 535 2745 13
550 2691 694 2744 Staberius
709 2690 778 2745 Eros
793 2691 908 2745 natione
922 2689 1017 2744 Thrax
1032 2695 1148 2762 emptus

121 2762 156 2814 de
176 2764 285 2816 catasta
304 2765 332 2815 et
349 2764 465 2831 propter
483 2762 642 2816 litterarum
661 2762 786 2816 studium
805 2763 1002 2816 manumissus.

194 2849 207 2895 1
237 2842 351 2896 natione
379 2842 472 2895 Thrax
499 2844 598 2911 scripsi
625 2844 669 2912 (ef.
693 2842 766 2898 Suet.
790 2843 856 2897 ieie.
877 2847 904 2896 8.
925 2846 969 2898 18.
988 2846 1028 2897 20
1051 2845 1146 2912 alstel:

120 2915 187 2954 l'eros
294 2918 397 2954 nemetra
905 2915 1005 2955 herosuo
1074 2921 1147 2957 meere

121 2966 188 3020 hero
220 2983 270 3021 suo
302 2967 390 3020 metro
445 2966 531 3022 Velio.
558 2967 769 3020 herosnametra
797 2967 877 3021 Leid.
924 2983 985 3022 eros
1013 2972 1147 3023 nametra

123 3037 246 3091 Gedien.
284 3037 353 3092 Ilros
374 3037 474 3106 (heros)
493 3040 621 3091 nametra
639 3040 696 3092 rell.

192 3130 218 3180 2.
239 3127 532 3192 Peiu.e.e.35,199
551 3131 594 3194 (ea
614 3126 756 3181 Varrone?
779 3128 813 3194 ef.
833 3128 966 3193 Menneu,
988 3127 1144 3198 Quellenlcr.

121 3197 147 3251 d.
167 3198 223 3268 Np.
239 3200 264 3252 d.
285 3199 363 3252 Pete.
379 3216 409 3266 p.
431 3203 491 3252 148.
513 3200 576 3268 197)
622 3198 709 3251 talem
750 3199 872 3270 [necatis
895 3198 1014 3267 pedibus
1041 3207 1075 3254 set
1102 3218 1145 3255 ee-

120 3270 222 3340 nolem]
237 3269 391 3323 Publilium
406 3268 631 3342 <Ant>ioohium
645 3269 776 3324 mimicae
791 3285 909 3323 scaenae
924 3269 1102 3325 conditorem
1116 3274 1145 3326 et

121 3340 290 3410 astrologiae
308 3340 503 3395 consobrinum
518 3341 578 3394 eius
592 3340 741 3394 Manilium
755 3340 946 3406 Antioohium‚
965 3341 1034 3395 item
1049 3361 1144 3412 gram-

115 3412 241 3466 matieae
260 3412 420 3466 Staberium
439 3412 552 3466 Erotem
572 3414 671 3466 eadem
689 3429 760 3468 nave
780 3414 911 3466 advectos
924 3412 1022 3469 videre
1034 3415 1143 3482 proavi.

100 3482 156 3536 hee
172 3484 288 3549 fractum
311 3502 369 3542 eene
392 3503 419 3541 a.
442 3485 569 3559 671l83‚
598 3485 664 3556 ‘quo
687 3502 748 3539 una
770 3501 832 3538 euin
854 3483 933 3564 Saltu
954 3501 988 3538 en
1008 3485 1080 3540 Λεία
1102 3503 1140 3542 re·

88 3551 198 3610 deunte
219 3558 317 3614 denuo
348 3560 425 3616 πολύ
450 3581 477 3616 τι
505 3563 601 3632 φῦλον
630 3561 665 3614 iu
688 3558 784 3614 urbem
810 3553 939 3621 attonat*
969 3570 1004 3606 aa
1024 3553 1154 3609 sauata
