2400 3824
344 211 347 217 ,
438 158 475 210 Μ.
495 157 642 212 Terentius
661 156 750 212 Varro
1036 157 1103 221 265

85 319 209 371 carmina
238 318 441 372 describebant.
478 333 534 373 seire
562 320 657 371 autem
684 333 790 372 aebemus
812 349 847 358 ——
870 337 956 372 vocant.
1013 319 1102 372 Varro

86 392 213 460 (Aupust.
223 391 274 444 oio.
284 392 310 444 d.
323 395 365 456 19,
375 394 402 458 3)
417 390 504 443 virtus
519 389 549 442 id
563 392 606 442 est
620 407 665 443 ars
680 390 807 459 agendae
822 389 896 442 vitae
906 393 1023 459 Asperat.
1034 390 1100 444 ibid.

85 466 111 527 4,
125 465 162 515 21
181 477 226 514 ars
245 462 350 530 quippe
369 462 431 529 ipsa
448 461 520 514 bene
538 463 670 528 recteque
690 460 799 514 vivendi
818 460 905 513 virtus
925 478 941 512 a
961 461 1101 513 veteribus

85 533 201 585 definita
227 536 277 586 est.
325 533 400 585 unde
423 532 459 586 ab
483 550 515 587 eo
539 532 614 600 quod
637 548 737 602 graece
761 531 846 600 ἀρετὴ
873 531 978 584 dicitur
1003 530 1101 598 virtus,

84 619 187 656 nomen
206 604 275 656 artis
289 604 404 657 Latinos
418 604 575 657 traduxisse
593 605 770 672 putaverunt.
799 604 834 669 cf.
849 604 942 658 Diem.
955 620 984 670 p.
998 607 1061 669 421,
1075 608 1100 657 4.

85 675 158 729 Serv.
178 678 210 728 ia
228 677 301 729 Dos.
317 693 347 745 p.
362 679 426 742 405,
440 679 466 728 2.
505 677 600 744 Pomp.
620 681 757 730 commeat.
772 692 802 744 p.
818 678 863 740 95,
878 679 902 728 4.
941 674 1022 728 Prot.
1037 676 1100 728 inst.

84 753 136 800 art.
152 751 298 815 p.47,16.
333 749 409 801 Mar.
430 747 497 801 Vter.
512 765 542 816 p.
558 749 584 812 3,
600 750 624 799 7.
659 747 725 800 Vict.
741 763 771 814 p.
786 750 852 811 187,
865 750 892 799 2.
925 746 1101 799 Audacem.

80 835 110 886 p.
130 821 194 883 320,
208 822 233 871 5.
271 818 339 871 Isid.
360 834 397 871 or.
418 823 443 882 1,
459 825 484 884 1,
497 823 524 872 2.

510 970 574 1027 234
600 961 672 1046 [91]

152 1095 187 1150 ut
216 1091 347 1151 Varroni
378 1092 492 1167 placet,
530 1110 577 1150 ars
609 1095 820 1170 grammatica,
857 1111 933 1168 quae
966 1110 984 1149 a
1015 1090 1102 1152 nobis

85 1183 256 1240 litteratura
291 1181 408 1255 dicitur,
445 1183 571 1240 scientia
601 1184 646 1240 est
673 1177 819 1260 (aarum)
851 1201 927 1257 quae
958 1200 976 1239 a
1005 1181 1102 1256 poetis

85 1269 236 1329 historicis
267 1270 493 1346 oratoribusque
523 1269 663 1329 dicuntur
691 1290 725 1329 ex
751 1275 837 1346 parte
867 1272 988 1328 maiore.
1039 1271 1102 1328 eius

84 1361 246 1435 praecipua
276 1359 376 1418 officia
404 1362 474 1418 sunt
500 1364 651 1436 quattuor,
683 1363 718 1417 ut
744 1362 804 1436 ipsi
830 1360 942 1435 placet,
975 1358 1103 1418 scribere

84 1450 182 1526 legere
205 1449 377 1526 intellegere
400 1449 535 1524 probare.

158 1549 233 1600 Mar.
260 1548 326 1601 Vici.
342 1563 371 1616 1).
387 1553 412 1612 4,
427 1551 444 1599 4
461 1564 487 1600 ut
501 1562 598 1600 Varroni
611 1579 638 1587 —
652 1563 752 1609 probare.
789 1548 875 1602 Dion.
894 1548 988 1601 Thrax
999 1564 1027 1615 p.
1044 1549 1103 1612 5‚2

88 1619 172 1688 Ublip
182 1618 356 1687 γραμματικὴ
369 1617 443 1672 ἐστὶν
458 1616 586 1687 ἐμπειρία
596 1626 651 1671 τῶν
661 1617 738 1686 παρὰ
747 1627 877 1686 ποιηταῖς
885 1638 915 1672 rs
924 1620 973 1672 καὶ
983 1635 1103 1688 συγγρα-

86 1696 187 1757 φεῦσιν
211 1689 248 1751 ὡς
272 1689 316 1743 ἐπὶ
336 1689 367 1743 τὸ
386 1689 457 1742 πολὺ
476 1687 639 1758 λεγομένων.
676 1691 769 1744 Diom.
784 1707 815 1758 p.
830 1693 944 1752 42913
962 1705 1101 1758 gramma-

82 1760 142 1813 tica
161 1762 203 1813 est
223 1759 384 1828 specialiter
402 1760 521 1813 scientia
539 1760 693 1814 exercitata
712 1760 841 1814 lectionis
867 1763 896 1813 et
919 1760 1103 1829 expositionis

84 1848 181 1885 eorum
200 1849 271 1899 quae
291 1831 367 1899 apud
384 1833 483 1899 poetas
502 1834 531 1886 et
550 1831 699 1900 scriptores
715 1832 847 1885 dicuntur
860 1863 902 1884 —.
931 1834 993 1885 tota
1007 1833 1102 1884 autem

84 1903 270 1972 grammatica
294 1902 423 1956 consistit
445 1903 596 1971 praecipue
619 1902 767 1956 intellectu
789 1903 935 1971 poetarum
962 1905 990 1955 et
1016 1904 1102 1971 scrip·

83 1978 176 2028 torum
196 1976 224 2027 et
242 1973 422 2028 historiarum
440 1979 572 2043 prompta
590 1975 763 2042 expositione
783 1977 811 2027 et
829 1973 858 2026 in
877 1977 951 2027 recte
968 1973 1103 2041 loquendi

83 2045 280 2112 scribendique
294 2045 411 2099 ratione.
446 2047 533 2100 Mart.
555 2046 620 2113 Gap.
637 2049 663 2112 3,
676 2050 733 2100 230
752 2045 875 2099 officium
888 2061 981 2098 meum
1001 2045 1102 2116 [pram-

83 2119 187 2170 matica
215 2117 346 2188 loquitur]
374 2119 441 2170 tunc
469 2117 561 2170 fuerat
586 2117 668 2170 docte
692 2117 811 2170 scribere
834 2116 991 2186 legereque.
1028 2133 1103 2170 nunc

85 2188 173 2241 etiam
191 2187 263 2240 illud
287 2187 418 2250 accessit,
441 2190 474 2241 ut
491 2204 585 2242 meum
604 2189 641 2241 sit
660 2188 769 2241 erudite
788 2187 953 2258 intellegere
971 2187 1103 2256 probare-

85 2275 147 2326 que.
185 2260 219 2325 cf.
245 2261 343 2313 Victor.
364 2276 393 2327 p.
414 2264 504 2326 188,1
535 2260 652 2328 (Audax
669 2277 700 2329 p.
720 2263 783 2325 321,
798 2262 834 2328 6).
871 2260 904 2313 de
921 2276 951 2313 re
974 2260 1009 2325 of.
1034 2259 1101 2313 Wil-

85 2347 194 2396 maaas,
213 2332 245 2384 de
265 2332 306 2385 Μ.
330 2332 388 2385 Ter.
415 2332 494 2385 Varr.
513 2332 559 2385 ab.
578 2348 691 2402 promas.
701 2348 731 2399 p.
748 2335 828 2399 99sq.
858 2330 951 2398 susp,
969 2331 1002 2383 de
1020 2331 1102 2384 Prot.

83 2419 197 2471 pramm.
209 2419 239 2470 p.
254 2406 333 2470 368q.
353 2401 427 2471 Jeep,
446 2402 533 2456 Lebre
550 2419 603 2457 coa
622 2403 647 2456 d.
664 2403 756 2457 Redet.
768 2419 797 2470 p.
814 2406 912 2470 106sq.
932 2402 1103 2470 caprimum

83 2474 185 2527 librum
209 2473 432 2541 Disciplinarum
454 2474 559 2527 rettulit
583 2473 860 2541 Wilmoanep.101.
884 2476 942 2527 208
964 2490 1023 2525 una
1042 2475 1103 2525 eam

82 2547 119 2612 fr.
134 2548 197 2598 235.
218 2548 283 2598 236.

157 2656 172 2703 2
192 2667 287 2706 eorum
306 2651 370 2704 odo.
389 2650 459 2706 θοαὶ.

512 2802 578 2860 235
603 2795 675 2880 [92]

153 2925 250 2983 audiri
274 2924 441 2985 absentium
465 2925 555 2984 verba
578 2944 638 2983 non
661 2928 807 3001 poterant.
854 2943 924 3002 ergo
947 2925 1002 2982 illa
1023 2925 1102 2983 ratio

84 3016 204 3090 peperit
232 3013 349 3073 litteras
372 3015 484 3074 notatis
508 3015 645 3074 omnibus
669 3016 728 3074 oris
753 3033 787 3072 ac
809 3014 930 3091 linguae
954 3015 1033 3072 sonis
1057 3022 1102 3071 at·

84 3123 144 3179 que
164 3104 307 3162 discretis.
344 3103 417 3162 nihil
440 3106 540 3162 autem
559 3104 665 3164 horum
683 3104 780 3163 facere
803 3106 931 3180 poterat,
954 3104 981 3161 si
1000 3102 1101 3161 multi-

83 3192 158 3252 tudo
189 3212 288 3250 rerum
320 3194 383 3251 sine
413 3193 542 3268 quodam
573 3193 666 3251 defixo
697 3195 824 3252 termino
855 3191 969 3250 infinite
999 3194 1102 3266 patera

84 3281 244 3341 videretur.
305 3300 374 3359 ergo
411 3282 544 3344 utilitas,
564 3277 741 3341 numerandi
779 3299 889 3357 magna
926 3282 1129 3338 necessitates

84 3370 294 3429 animadversa
328 3373 380 3430 est.
427 3371 535 3446 quibus
567 3371 682 3429 duobus
714 3371 840 3447 repertis
870 3372 950 3427 nata
976 3372 1027 3426 eet
1051 3369 1115 3422 hta

83 3459 273 3518 librariorum
294 3463 324 3518 et
341 3460 532 3521 calculonum
555 3462 719 3540 professio,
740 3461 833 3522 uelut
850 3457 1013 3537 ausetani
1034 3467 1139 3523 urm·

70 3548 200 3602 Μᾶΐὶθᾶθ
212 3546 353 3624 infantis,
371 3570 464 3626 quam
476 3555 581 3617 Varro
596 3555 840 3618 litterationem
849 3552 953 3612 uocat
962 3573 1011 3597 θ.
1032 3529 1173 3610 ΨΜ
