2400 3824
122 154 188 218 326
271 153 477 210 Grammaticus
495 154 597 210 aetatis
616 155 806 210 Varronianae
824 156 985 226 fragmenta

193 317 267 371 Plin.
286 335 314 369 n.
334 318 358 369 t.
379 321 415 370 36
419 359 427 383 ,
447 320 501 371 117
523 331 612 372 theatra
632 350 658 358 -
679 332 866 380 amphitheatrum
894 317 1144 386 gladiatorumque

120 387 230 456 proclia
252 388 366 452 edebat,
393 388 486 457 ipsum
508 389 599 458 magis
624 391 800 443 auctoratum
822 389 958 458 populum
981 389 1144 443 Romanum

122 458 325 512 circumferens.
362 461 396 525 cf.
416 461 455 514 ad
472 461 507 528 fr.
523 463 586 514 309.

196 591 209 637 1
225 584 398 653 amplissime
413 586 492 640 Laid.
507 603 565 638 -ma
579 601 598 667 e
613 586 690 640 Ricc.
705 586 797 641 Paria.
817 586 882 640 Lat.
897 591 983 640 6797.-
1001 604 1051 640 em.
1068 588 1142 640 Bar·-

124 657 208 711 barus
298 661 313 709 3
333 656 421 709 editio
440 657 515 710 Riec.
536 657 644 711 aed1cio
664 658 742 712 Laid.
835 663 850 710 5
870 659 968 711 eontra
986 658 1046 711 stat
1065 659 1142 713 Rioc.

121 728 483 854 Ξῖἓξξτξὲεῶῗῗέἠξαι.
500 732 575 782 6797
598 730 677 784 Toict.
702 728 862 798 positrimos
882 729 960 784 Laid.
984 731 1144 796 postremos

595 953 661 1010 315

189 1078 269 1151 apud
301 1075 428 1136 maiores
460 1077 571 1136 theatri
604 1077 713 1154 gradus
745 1079 864 1136 tantum
896 1078 1033 1153 fuerunt,
1072 1097 1144 1138 nam

123 1184 231 1225 scaena
254 1166 289 1224 de
313 1166 405 1243 lignis
428 1167 466 1225 ad
489 1169 606 1242 tempus
626 1166 725 1225 fiebat.
745 1199 790 1206 -
809 1185 916 1227 scaena
938 1169 1041 1226 autem
1066 1186 1145 1244 quae

123 1255 222 1329 fiebat,
242 1258 297 1313 aut
310 1255 426 1315 versilis
445 1259 510 1314 erat
529 1259 582 1314 ant
601 1256 734 1330 ductilis3
757 1256 874 1315 versilis
887 1259 960 1314 tunc
979 1259 1055 1330 crat,
1075 1276 1145 1316 cum

124 1344 224 1403 subito
254 1347 320 1403 tota
349 1346 495 1403 machinis
525 1344 704 1421 quibusdam
734 1345 963 1405 convertebatur
990 1347 1022 1404 et
1051 1346 1145 1404 aliam

97 1433 258 1508 spissurae
291 1435 399 1492 faciem
435 1434 624 1510 ostendebat3
660 1434 781 1493 ductilis
813 1438 899 1508 tunc,
936 1453 1003 1494 cum
1036 1438 1145 1494 tractis

123 1522 268 1581 tabulatis
298 1524 354 1582 hac
384 1525 474 1600 atque
497 1523 568 1583 iflac
598 1523 709 1599 species
738 1525 872 1599 picturae
902 1524 1075 1584 nudabatur
1099 1527 1145 1584 in-

124 1613 224 1670 terior.
257 1645 298 1653 —
333 1613 413 1688 quod
443 1613 539 1673 Varro
573 1615 603 1672 et
634 1613 794 1672 Suetonius
828 1607 873 1693 [p
897 1617 962 1672 341
977 1608 1030 1693 R]
1065 1633 1145 1674 com·

122 1705 296 1760 memorant.

195 1818 267 1872 Serv.
283 1819 360 1889 Very.
375 1837 400 1890 9.
416 1824 441 1885 3,
455 1824 492 1873 24
511 1834 571 1883 apud
584 1834 679 1874 maiores
692 1852 719 1859 -
733 1834 807 1874 fiebat
832 1820 907 1874 unde
925 1819 1068 1887 hodieque
1083 1837 1145 1890 per-

125 1890 230 1942 mansit
248 1890 434 1957 consuetudo‚
453 1893 485 1944 nt
504 1893 708 1959 componantur
725 1893 859 1960 pegmata
878 1909 895 1944 a
913 1891 1045 1945 ludorum
1063 1892 1144 1945 thaa-

125 1960 240 2014 tralium
255 1961 418 2015 editoribus,
437 1989 518 2017 scaena
531 1995 558 2002 -
570 1977 669 2016 interior.
689 1963 763 2016 unde
776 1963 866 2031 perite
880 1964 1031 2030 utrumque
1045 1964 1145 2032 tetigit

125 2032 220 2086 dicens
245 2033 342 2086 ‘versis
361 2033 489 2087 discedat
507 2033 656 2088 frontibus’
682 2033 794 2102 singula
815 2033 934 2104 singulis
953 2034 1144 2103 complectens

124 2103 305 2157 sermonibus.
325 2119 385 2166 quod
399 2138 425 2144 —
438 2123 618 2160 commemorans
649 2107 683 2172 cs.
700 2107 759 2159 Vei.
776 2108 857 2160 Mox.
871 2110 898 2172 2,
913 2110 939 2172 4,
954 2110 979 2159 6.

196 2234 211 2280 2
231 2229 272 2283 bis
290 2229 394 2283 schena
412 2231 504 2285 Paris.
520 2234 592 2285 7959
610 2247 693 2284 scena
709 2233 765 2284 rell.

582 2418 678 2476 *316

195 2542 384 2631 translatum,
408 2545 496 2601 antea
515 2543 649 2602 Poenicis
668 2543 807 2602 indutum
827 2544 936 2602 tunicis
957 2544 996 2602 M.
1013 2542 1145 2602 Scaurus

127 2632 274 2706 exquisito
298 2651 405 2709 genere
428 2631 519 2692 vestis
542 2633 658 2692 cultum
680 2633 806 2691 induxit.

201 2749 260 2802 Vol.
277 2749 357 2802 Mac.
372 2753 399 2815 2,
413 2753 438 2813 4,
455 2753 473 2802 6
490 2764 622 2803 amantum
635 2781 662 2788 -
674 2763 771 2804 innume
803 2751 837 2816 cf.
859 2751 978 2804 Mitnccr
996 2750 1065 2805 stad.
1084 2751 1102 2803 l.
1123 2767 1144 2804 c.

198 2877 211 2923 1
232 2871 374 2940 poeniccis
398 2875 455 2928 eod.
474 2875 597 2928 Atrebat.
622 2874 733 2944 Paphia
760 2875 795 2940 of.
812 2876 872 2929 Vol.
892 2874 973 2928 Mac.
989 2877 1017 2940 2,
1038 2879 1065 2940 6,
1083 2879 1103 2928 2
1122 2881 1147 2929 et

125 2943 289 2997 Lachmann
308 2945 346 2998 ad
364 2945 448 2999 Lacr.
464 2963 493 3014 p.
510 2949 563 3000 123

583 3115 679 3172 *317

195 3235 245 3295 Gn.
270 3237 429 3312 Pompeius
443 3241 529 3301 sante
553 3258 653 3298 omnes
677 3259 774 3315 aquae
796 3259 850 3315 per
873 3239 995 3298 semitas
1018 3239 1145 3301 decursu

127 3327 274 3386 aestivum
296 3328 406 3385 minuit
428 3327 582 3387 fervorem.

202 3444 258 3499 Val.
276 3444 358 3499 Mali).
373 3447 401 3512 2,
416 3449 475 3512 4,6
494 3457 532 3498 On
550 3477 577 3484 -
590 3459 705 3501 fervorem.

175 3575 191 3623 1
209 3573 321 3643 gneius
342 3576 438 3633 Lacr.
457 3592 552 3651 gneus
574 3574 662 3632 Baro.
