2408 3834
412 173 449 226 M.
468 173 616 227 Terentius
634 174 722 228 Varro
1009 175 1073 239 267

55 341 256 400 dictionemve
276 341 360 399 fiunt.
402 343 546 401 iudicium
569 346 615 401 est
632 374 677 383 —
695 345 865 402 aestimatio
887 363 946 418 qua
969 362 1076 420 poema

55 434 214 506 ceteraque
237 432 350 505 scripta
372 432 591 506 perpendimus.

128 538 222 591 Dima.
237 555 267 607 p.
282 541 345 603 426,
358 542 395 592 21
413 553 570 602 grammaticae
584 570 618 578 —
632 553 699 592 lectio
713 558 746 593 est
765 538 921 593 artificialis
939 539 1075 608 interpro-

55 608 129 663 tatio
148 608 192 662 vel
210 624 274 662 varis
287 641 321 650 -
335 625 466 672 expuncto
485 609 530 663 vel
549 608 699 678 exquisitio
720 626 770 678 per
784 628 869 679 quam
882 610 965 663 unius
981 611 1075 664 cuius-

55 696 112 749 que
135 680 177 733 rei
202 680 370 749 qualitatem
392 681 511 749 poeticis
535 680 667 750 glossulis
691 681 865 735 exsolvimus.
902 696 1029 736 emanant
1043 699 1076 736 en

57 767 114 819 qua
142 751 255 821 singula
280 769 332 820 pro
359 754 391 804 ut
414 752 477 821 ipsa
499 768 542 806 res
568 751 693 820 postulat
720 751 868 822 dirigimus
894 753 1076 808 aestimantes

57 821 249 876 universorum
272 823 441 892 scriptorum
466 823 605 876 diversam
629 823 799 877 sententiam
822 823 867 877 vel
890 839 1022 878 resonans
1042 855 1075 864 —

56 909 166 948 inanum
180 912 214 948 est
232 911 287 962 quo
310 911 420 948 omnem
444 895 599 948 orationem
622 897 698 948 recte
721 894 765 948 vel
785 894 877 948 minus
897 911 982 962 quam
1000 897 1076 949 recte

56 965 272 1034 pronuntiatam
295 966 456 1034 specialiter
478 965 635 1019 iudicamus
655 965 698 1018 vel
723 981 849 1020 maumam
864 998 897 1006 -
911 981 1076 1028 permantum

58 1038 168 1091 Dositb.
192 1054 239 1092 urs
256 1054 370 1107 mamni.
385 1055 415 1105 p.
431 1041 527 1102 376,3
546 1037 615 1090 artis
638 1038 840 1104 grammaticae
864 1037 988 1092 officium
1011 1054 1077 1092 con-

58 1110 117 1161 stat
130 1107 260 1176 partibus
274 1110 415 1175 quattuor,
429 1108 550 1162 lectione
565 1109 761 1163 emendatione
776 1109 951 1163 enarratione
961 1108 1075 1162 iudicio.

58 1178 144 1233 lectio
162 1181 207 1232 est
224 1179 303 1232 varia
322 1180 456 1246 cuiusque
476 1179 574 1247 scripti
593 1180 786 1248 pronuntiatio
806 1181 927 1234 serviens
942 1179 1077 1250 dignitati

57 1267 241 1320 personarum
260 1251 472 1319 exprimensque
489 1249 620 1304 habitum
639 1250 726 1304 animi
745 1252 887 1319 cuiusque.
916 1251 1077 1306 emendatio

58 1325 102 1375 cst
120 1322 286 1376 recorrectio
310 1338 446 1387 errorum,
470 1321 520 1389 qui
537 1337 588 1390 per
607 1322 775 1390 scripturam
793 1323 979 1376 dictionemve
997 1323 1076 1376 fiunt.

57 1393 200 1447 enarratio
228 1394 271 1447 est
299 1393 477 1446 obscurorum
506 1409 637 1446 sensuum
664 1394 916 1462 quaestionumque
944 1394 1077 1448 narratio.

58 1463 197 1518 iudicium
229 1466 272 1517 est
304 1481 359 1531 quo
391 1466 521 1533 poemata
552 1467 700 1532 ceteraque
732 1465 838 1533 scripta
869 1465 1077 1534 perpendimus.

58 1537 93 1602 cs.
119 1537 220 1591 Usener
238 1536 303 1590 ibid.
318 1553 349 1605 p.
369 1539 431 1589 599.
475 1536 572 1590 Victor.
587 1553 618 1605 p.
639 1540 737 1602 188,6
762 1536 964 1605 grammaticae
983 1538 1078 1590 autem

60 1607 154 1661 officia
179 1609 245 1659 sunt
263 1638 298 1647 —
317 1608 452 1674 quattuor
471 1638 517 1672 -‚
546 1605 630 1660 lectio
656 1608 796 1679 enarratio
822 1607 982 1661 emendatio
1005 1607 1078 1660 iudi-

59 1678 153 1760 cium..
180 1676 265 1732 lectio
289 1710 332 1759 -·
347 1678 500 1761 secundum
523 1680 654 1760 accentus
674 1680 703 1731 et
726 1695 858 1731 sensuum
882 1679 1078 1732 necessitatem

59 1751 414 1888 ecclesiates.
434 1750 826 1888 tebertus-reluta
853 1749 1078 1875 pittlssll’luff

60 1908 186 1945 errorum
204 1892 280 1960 apud
299 1894 397 1960 poetas
417 1893 446 1944 et
464 1891 660 1961 figmentorum
673 1892 860 1960 reprehensio.
888 1892 1025 1945 iudicium
1045 1923 1078 1932 -

59 1963 133 2017 bene
148 1963 288 2016 dictorum
302 1962 502 2031 comprobatio.
531 1964 648 2020 (Audon
661 1980 717 2017 croc.
730 1980 758 2032 p.
774 1966 838 2029 322,
852 1967 888 2031 4).
904 1964 939 2029 cf.
957 1964 1078 2018 Cassiod.

59 2051 115 2089 exc.
131 2039 290 2103 p.214,19
308 2039 333 2088 ct
350 2037 464 2100 7r.234.

132 2147 150 2193 4
169 2139 304 2208 cuiusque
318 2156 391 2194 narr.
401 2141 494 2195 Puris.
507 2145 578 2194 7494
597 2140 676 2194 cuius
690 2158 763 2194 narr.
775 2142 867 2194 Poris.
879 2145 951 2195 7493
967 2143 1079 2196 Monac.

60 2219 77 2265 5
97 2212 295 2280 quaestionum
314 2213 382 2280 (aaa
397 2215 439 2280 ve)
459 2213 550 2266 Paria
567 2213 639 2266 7493
657 2214 769 2267 Monac.
845 2217 859 2264 7
879 2230 917 2266 om
930 2214 1080 2281 poemata?

460 2372 556 2431 *237
580 2365 683 2450 [deest]

130 2495 344 2574 grammaticae
376 2496 464 2554 initia
497 2495 533 2553 ab
567 2495 720 2554 elementis
758 2503 898 2572 surgunt,
936 2497 1082 2554 elementa

61 2585 232 2664 figurantur
250 2587 283 2643 in
301 2585 427 2659 litteras,
446 2585 565 2643 litterae
584 2585 616 2640 in
633 2584 765 2660 syllabas
784 2587 938 2661 coguntur,
958 2583 1081 2659 syllabis

61 2674 314 2750 conprehenditur
328 2674 428 2747 dictio,
445 2673 589 2732 dictiones
605 2675 753 2749 coguntur
765 2675 797 2730 iu
812 2675 912 2748 partes
929 2674 1081 2745 orationis,

62 2763 200 2838 partibus
232 2763 376 2822 orationis
414 2765 637 2822 consummatur
671 2760 781 2834 oratio,
819 2762 954 2820 oratione
986 2764 1082 2820 virtus

62 2854 197 2927 ornatur,
220 2853 316 2911 virtus
340 2852 379 2910 ad
402 2851 542 2910 evitanda
565 2851 641 2909 vitia
664 2854 822 2909 exercetur.
1097 2870 1108 2911 s

135 2969 229 3024 Diom.
244 2986 270 3038 p.
285 2971 396 3035 426,32
413 2982 571 3032 grammaticas
587 2999 617 3006 -
634 2985 757 3021 exercetur.
786 2969 893 3022 Dositb.
908 2984 964 3022 exc.
976 2985 1004 3035 Ρ.
1018 2971 1083 3034 377,

64 3046 80 3095 1
99 3040 170 3094 artis
190 3039 390 3110 grammaticae
404 3039 488 3093 initia
502 3039 538 3092 ab
553 3037 698 3092 elementis
714 3041 841 3108 surgunt,
861 3039 999 3092 elementa
1012 3039 1083 3108 figu-

62 3112 164 3166 rantur
182 3111 212 3164 in
226 3110 345 3177 litteras,
363 3111 477 3164 litterae
490 3111 629 3180 coguntur
646 3109 697 3182 <in
711 3109 867 3182 syllabas),
886 3109 1003 3179 syllabis
1019 3127 1084 3164 cou-

62 3181 249 3251 prehenditur
268 3182 363 3246 dictio,
383 3182 520 3236 dictiones
540 3183 678 3251 coguntur
696 3180 726 3233 iu
744 3183 839 3249 partes
859 3181 1002 3248 orationis,
1022 3197 1083 3234 ora-

62 3253 105 3308 tio
129 3254 160 3307 in
183 3253 301 3308 virtutes
325 3271 357 3308 ac
381 3253 451 3307 vitia
469 3253 622 3308 descendit.
666 3253 800 3307 Varronis
817 3254 883 3307 boec
901 3269 954 3307 coac
973 3255 1085 3322 agnouit

68 3327 171 3395 Usener
185 3343 216 3395 p.
232 3329 287 3380 642
306 3327 370 3379 uda.
386 3329 410 3379 3.

137 3438 153 3486 3
178 3432 265 3486 dictio
289 3431 480 3502 conprehendi
509 3430 736 3500 (conpraemendi
760 3432 855 3487 Puris.
869 3434 943 3485 7493
966 3431 1096 3490 Marnas

64 3502 239 3558 dictionibus
258 3505 397 3574 coguntur
413 3506 619 3575 (concoguntur
639 3505 735 3561 Puris.
750 3506 841 3574 74945
856 3503 963 3574 partes
982 3516 1040 3552 ors.
1063 3511 1119 3545 sut,

62 3592 116 3629 exc
135 3575 191 3628 coci
210 3575 302 3630 Panic
324 3579 399 3631 7530
