2400 3824
130 167 199 231 274
281 165 488 220 Grammaticae
508 166 609 220 aetatis
628 166 819 220 Varronianae
838 165 998 236 fragmenta

203 332 216 379 1
236 344 274 396 sq.
298 344 367 396 quoe
390 329 421 381 ie
444 328 533 396 Neap.
557 327 655 381 desum
676 327 766 382 codice
791 327 882 381 Coloe.
906 327 1021 382 Doasae
1044 329 1150 396 expleto

129 405 196 453 aaut
268 403 284 450 2
303 398 441 467 genitivos
465 398 620 467 singulares
644 398 743 453 Deuca
814 397 894 452 finire
913 397 1019 460 debent
1037 399 1150 454 Douso:

129 468 205 523 finiri
224 469 339 522 debcnt'
448 470 495 540 ne]
514 471 598 522 ut-
617 485 673 522 non
692 469 791 523 minor.
811 471 911 524 Dorcea
1008 474 1024 521 4
1044 469 1152 524 adiecit

130 542 230 596 Douso
284 557 341 594 voc.
357 539 428 609 sing.
444 556 555 608 quoque
570 542 683 595 Douea:
701 557 755 609 que
775 543 857 609 (quae
876 541 938 594 edit.
953 542 1059 611 princ.)
1079 541 1149 611 sing.

131 617 146 665 6
166 611 305 680 corrumpi
326 612 351 665 .i.
371 613 429 666 cad.
448 612 551 680 corripi
570 613 669 666 Dousa
760 616 775 664 8
793 629 832 681 sq.
849 613 892 666 ud.
908 613 946 666 ad
964 612 1057 667 Lucil.
1076 613 1113 679 fr.
1127 628 1149 666 e.

131 688 164 736 12
190 682 262 736 libro
281 682 332 736 1111
356 683 396 736 sic
419 682 455 736 ad
477 684 535 737 cod.
553 681 626 736 libro
650 701 667 736 e
691 685 792 750 quarto
816 683 856 736 sic
880 683 922 736 ait
944 684 1047 738 Doara
1118 684 1151 737 dc

130 755 238 810 Intcelii
255 757 321 809 locis
338 755 381 808 cd.
401 755 529 808 adhunc
546 755 582 821 fr.
601 771 623 809 c.

556 905 623 964 253
648 899 718 984 [15]

197 1029 256 1089 -uis
271 1032 301 1087 et
318 1031 385 1105 ipsa
400 1030 508 1088 tertiae
523 1032 593 1088 sunt
607 1029 814 1089 declinationis
830 1038 859 1088 et
873 1029 1001 1088 similem
1014 1032 1150 1089 nomina.

129 1121 193 1178 tivo
216 1120 332 1176 faciunt
354 1119 539 1196 genetivum:
567 1113 658 1197 <hic>
681 1119 754 1178 civis
781 1120 870 1178 huius
894 1120 976 1193 civis,
1008 1119 1083 1178 haec
1105 1121 1150 1178 vis

83 1221 86 1225 ’
130 1207 218 1266 huius
249 1209 294 1266 vis
324 1210 355 1265 et
381 1209 493 1284 plurali
521 1208 578 1266 hae
608 1209 663 1283 vis,
694 1210 773 1267 sicut
800 1207 958 1266 Lucretius
990 1211 1020 1266 et
1043 1208 1150 1282 Varro,

130 1315 200 1355 nam
223 1297 280 1355 hae
302 1299 380 1356 vires
402 1317 525 1356 numero
549 1315 665 1373 semper
686 1296 799 1373 plurali
822 1296 1018 1356 declinantur.

201 1395 283 1449 Prob.
298 1396 368 1449 cabb.
379 1412 409 1463 p.
424 1400 469 1461 30,
477 1399 517 1449 28
535 1411 594 1449 -ves
609 1395 799 1464 corripiuntur
813 1395 908 1450 omnia
922 1398 951 1449 et
967 1395 1070 1449 tertiae
1085 1397 1151 1448 sunt

130 1465 341 1534 declinationis;
367 1483 432 1519 nam
451 1466 500 1520 -tis
519 1465 628 1520 faciunt
651 1466 790 1537 genetivo,
812 1466 860 1520 hic
880 1466 956 1519 dives
975 1466 1061 1519 huius
1080 1465 1151 1520 divi·

129 1537 167 1590 tis
182 1569 224 1590 -.
244 1552 278 1591 vie
291 1556 314 1591 et
327 1552 375 1599 ipsa
390 1569 424 1577 -
438 1552 584 1592 declinantur.
612 1539 646 1604 cf.
666 1539 704 1592 id.
720 1542 868 1607 p.19‚19.
907 1538 983 1591 Mar.
999 1539 1072 1592 Ptol.
1088 1538 1149 1592 Sao.

126 1625 156 1678 p.
171 1613 236 1674 482,
247 1613 282 1662 10
300 1623 334 1662 vis
343 1624 422 1663 tertiae
431 1624 510 1663 -hae
519 1623 559 1674 vis,
573 1635 626 1662 nam
636 1625 679 1664 hae
689 1641 716 1648 -
725 1624 872 1664 declinantur.
901 1610 989 1664 Prisc.
1002 1627 1033 1678 p.
1049 1614 1114 1676 249,
1125 1615 1149 1663 9.

130 1680 163 1734 de
181 1681 357 1734 collocatione
375 1681 409 1746 cf.
424 1682 516 1749 praef.
536 1681 573 1734 ad
591 1683 651 1735 libr.
672 1682 716 1735 De
735 1683 752 1735 l.
768 1681 803 1735 L.
818 1698 848 1750 p.
864 1684 928 1735 187.

202 1792 217 1839 2
236 1787 283 1839 hic
302 1787 403 1841 addidi
509 1792 525 1840 8
543 1787 691 1855 pluraliter
708 1788 763 1841 hae
781 1786 824 1840 vis
843 1788 935 1841 Paria.
954 1775 1004 1856 plu
1025 1787 1080 1840 hae
1100 1786 1151 1854 vis,

130 1859 187 1912 alio
212 1864 364 1913 atramento
387 1864 418 1911 ut
440 1859 529 1913 uuum
547 1865 586 1912 eet
603 1860 806 1925 Lindemanuo,
831 1860 1017 1927 superscripto
1035 1865 1104 1913 meoet
1121 1861 1151 1912 in

135 1929 250 1984 Vindob.
359 1929 433 1982 sicut
454 1946 554 1984 reneus
581 1931 638 1998 (aa.
662 1933 755 1999 renus)
784 1931 813 1983 et
835 1945 915 1983 varro
936 1930 1051 1984 Vindob.
1077 1929 1152 1984 sicut

129 2000 267 2053 ritiennus
295 2003 323 2053 et
350 2017 430 2054 varro
453 2003 546 2055 Poris.
579 2001 653 2054 sicut
680 2001 827 2055 Terentius
856 2003 885 2054 et
908 2000 940 2054 V.
970 2001 1033 2056 edit.
1057 2003 1150 2070 princ.

131 2072 176 2140 (cf.
197 2074 286 2140 Asper
304 2071 342 2125 ad
359 2073 395 2138 fr.
410 2075 483 2141 235),
502 2073 548 2126 aed
567 2073 602 2139 ct.
621 2074 730 2127 Probus
744 2090 773 2141 p.
793 2077 838 2138 19,
851 2076 890 2128 22

556 2223 623 2282 254
648 2216 718 2301 [re]

199 2345 315 2404 Plinius
334 2347 437 2405 eodem
454 2347 531 2406 libro
552 2341 599 2425 [p.
621 2341 782 2425 9,19B.]:
807 2341 856 2405 ‘ab
876 2341 1022 2422 antiquis'
1041 2347 1150 2422 inquit,

133 2429 219 2509 ‘quos
242 2435 339 2493 Varro
368 2434 571 2510 reprehendit,
601 2436 768 2494 observatio
796 2437 892 2494 omnis
922 2435 976 2494 illa
1006 2435 1165 2494 damnata

131 2527 185 2594 est,
208 2543 267 2581 non
291 2523 411 2599 quidem
433 2524 464 2581 in
488 2528 592 2584 totum.
630 2524 755 2583 dicimus
779 2520 870 2583 enim'
894 2525 994 2600 inquit
1019 2520 1149 2583 ‘abhoc

131 2613 229 2671 canali
252 2613 303 2672 siti
325 2614 402 2672 tussi
424 2613 508 2671 febri.
549 2615 662 2672 maiore
684 2616 786 2672 tamen
806 2633 842 2672 ex
860 2616 945 2688 parte
968 2614 1067 2672 forma
1085 2633 1148 2672 mu-

130 2704 197 2760 tata
220 2704 280 2776 est3
304 2701 415 2760 abhoc
438 2704 517 2761 enim
540 2721 612 2761 cane
635 2703 705 2761 orbe
729 2702 855 2761 carbone
877 2705 961 2761 turre
983 2703 1061 2762 falce
1080 2705 1150 2781 igue

130 2793 212 2850 veste
234 2790 292 2849 fine
314 2794 414 2849 monte
441 2791 524 2850 fonte
546 2794 636 2866 ponte
660 2791 776 2869 strigile
803 2794 903 2868 tegete
927 2810 981 2851 ave
1006 2810 1072 2851 asse
1095 2811 1150 2850 are

130 2898 206 2938 nave
230 2881 323 2938 classe
347 2875 492 2939 dicimus'.

204 2978 283 3032 Obar.
291 2995 320 3046 p.
332 2982 394 3044 122,
401 2983 438 3033 23
453 2977 529 3031 amni
538 2978 625 3044 Maro,
637 2979 771 3032 ‘secundo
782 2977 881 3032 defluit
891 2978 977 3031 amni’
990 2979 1027 3050 [9.
1038 2983 1064 3044 3,
1075 2979 1149 3049 447}

131 3047 181 3100 ubi
202 3063 289 3102 Plinius
307 3064 385 3103 eodem
404 3081 437 3088 -
457 3064 558 3104 dicimus.
596 3052 629 3117 cf.
656 3051 743 3104 Varro
767 3049 800 3103 de
817 3053 835 3104 l.
855 3051 889 3104 L.
905 3054 1008 3116 9,112.
1047 3051 1152 3104 Caesar

130 3120 165 3185 fr.
181 3122 225 3173 21.
260 3120 340 3176 Obar.
356 3138 385 3189 p.
400 3125 500 3187 47,14.
530 3126 592 3188 120,
606 3127 649 3176 24.
678 3126 742 3187 122,
755 3125 800 3176 22.
830 3125 892 3188 139,
907 3124 950 3175 17.
991 3121 1151 3176 Brambaeb

133 3191 198 3244 ibid.
215 3208 243 3258 p.
260 3195 321 3246 169.
356 3193 388 3245 dc
407 3193 580 3247 collocatione
599 3194 642 3246 od.
657 3193 748 3262 praef.
769 3194 807 3246 od
825 3195 885 3248 lebr.
905 3192 950 3246 De
968 3192 985 3246 l.
1005 3193 1040 3246 L.

497 3312 500 3318 ’
559 3337 721 3423 255[201

182 3461 327 3546 ‘quorum
349 3475 523 3536 nominum
542 3472 682 3554 genetivi
700 3468 831 3547 pluralis
852 3469 924 3522 ante
941 3482 997 3520 um
1014 3466 1161 3537 aunuum

84 3551 269 3623 ilitteram
283 3568 516 3648 merebuntur,
532 3553 742 3631 accusativus'
761 3542 1194 3631 inuuitltniuslddoseres.
