2400 3824
271 199 306 238 ex
323 183 420 239 inceri.
440 183 494 238 inc.
513 181 577 237 libr.
615 181 782 252 Calpurnius
800 182 865 238 Piso
1021 181 1085 246 119

62 353 291 430 impressionem
312 354 439 427 fecisset,
469 345 633 432 [Curtium]
657 353 689 410 in
713 353 812 410 locum
834 352 1009 427 palustrem,
1033 352 1086 428 qui

62 445 133 502 tum
154 442 216 501 fuit
233 442 265 501 in
283 443 348 501 foro
373 444 441 501 aute
461 460 553 518 quam
576 442 695 501 cloacae
714 443 783 500 sunt
801 442 907 516 factae,
933 443 1115 501 accessisses

63 535 157 609 atque
191 531 227 590 ad
260 549 327 591 suos
359 533 391 589 in
425 529 608 608 Capitolium
643 532 796 607 recepisse.
848 529 885 588 ab
918 549 952 589 eo
987 530 1086 589 laeum

62 621 216 680 invenisse
239 640 355 679 nomen.
956 618 967 642 ⁸

144 719 232 774 Varro
255 719 287 773 dc
310 720 327 772 l.
347 719 381 773 L.
402 723 427 786 5,
446 723 500 775 148
525 737 542 774 a
564 718 685 773 Procilio
708 717 829 773 relatum
853 717 952 789 [fr.1].
987 732 1037 772 Piso
1053 749 1085 757 -

61 815 153 846 nomen
186 789 329 844 Cornelius
349 790 442 862 [Epic.
458 791 488 863 3]
507 792 536 845 ei
554 790 685 844 Lutatius
704 790 776 862 [Oct.
792 789 828 861 4].

138 885 156 932 4
175 877 302 933 Curtium
320 881 380 934 secl.
400 880 482 950 ASp.
563 879 668 935 lacum:
689 897 736 934 em.
757 879 863 934 Laelia
949 884 965 932 6
983 878 1087 949 recep]

62 950 214 1005 recessisse
232 952 302 1006 coci.
322 951 403 1020 asp.

526 1069 549 1126 2
588 1070 607 1125 9

133 1175 225 1232 tertia
249 1166 365 1253 [peric]
391 1176 437 1232 est
458 1059 711 1248 Ianualis,]dicia
734 1172 772 1231 ab
796 1171 879 1248 Iano,
903 1175 933 1231 el
955 1170 1022 1231 ideo
1045 1170 1089 1231 ibi

63 1263 200 1339 positum
213 1262 282 1320 Iani
298 1264 417 1340 signum
431 1265 461 1322 eb
474 1264 521 1322 ius
540 1263 714 1322 institutum
729 1281 746 1321 a
760 1261 917 1338 Pompilio,
936 1264 971 1319 ui
985 1259 1089 1322 scribit

63 1351 106 1410 in'
121 1350 280 1410 annalibus
304 1350 382 1426 Piso,
406 1354 440 1410 ul
463 1352 503 1412 sii
526 1354 629 1428 aperta
653 1370 777 1428 semper,
805 1351 863 1410 nisi
887 1368 954 1411 cum
976 1349 1089 1409 bellum

63 1441 109 1501 sii
132 1458 288 1516 nusquam.

145 1540 234 1594 Varro
252 1539 285 1593 de
304 1540 320 1593 l.
341 1539 375 1593 L.
391 1543 417 1605 5,
433 1544 486 1594 165
505 1553 572 1594 tertia
586 1571 612 1578 -
625 1564 742 1601 nusquam.

529 1675 550 1731 3
591 1677 608 1730 1

134 1776 228 1836 Italia
250 1797 269 1837 a
291 1778 405 1854 vitulis,
428 1781 463 1838 ut
486 1666 590 1838 scribil
611 1666 691 1839 l'iso.
909 1851 912 1858 Ι

64 1939 66 1945 .
145 1875 234 1932 Varro
252 1895 275 1933 r.
294 1895 317 1933 r.
336 1882 436 1946 2,1,9
462 1877 584 1945 denique
602 1891 783 1932 iaus-eno.
811 1877 847 1943 cf.
868 1878 1089 1944 Varrofr.125.

520 2031 540 2087 4
581 2029 623 2086 45

137 2135 303 2194 novensiles
335 2134 418 2194 Piso'
436 2090 507 2194 ileos
540 2022 602 2194 eslse
623 2021 730 2193 brodia
767 2153 874 2193 novem
905 2135 937 2192 in
971 2134 1090 2195 Sabinis

75 2223 151 2297 apud
174 2224 313 2283 Trebiam
335 2224 522 2284 constitutos.

143 2323 246 2378 Amob.
266 2326 292 2389 3,
307 2326 343 2376 38
362 2336 488 2377 novensiles
502 2354 536 2362 -
550 2336 688 2377 constitutos.
720 2321 755 2388 cf.
776 2322 836 2376 Ael.
856 2321 925 2376 Stilo
943 2322 980 2388 fr.
994 2325 1039 2377 22.

523 2454 542 2512 5
583 2457 623 2512 44

139 2560 207 2623 Piso
231 2561 403 2620 Pilumnum
426 2561 539 2620 dicium
563 2447 636 2635 (luial
656 2560 751 2636 pellat
773 2560 855 2619 mala
877 2561 1032 2620 infantiae.

144 2661 215 2717 Sero.
233 2661 310 2716 Dan.
332 2661 401 2715 Aen.
422 2665 465 2727 10,
481 2663 517 2714 76
534 2659 624 2713 Varro
643 2658 691 2730 [fr.
707 2658 784 2728 376}
815 2673 867 2713 Piso
883 2690 915 2699 —
930 2672 1047 2713 mannae.

138 2896 208 2960 Piso
240 2901 284 2958 ait
313 2900 440 2959 viiulem
472 2900 631 2958 victoriam
662 2900 824 2974 nominari,
857 2901 942 2958 ouius
965 2900 1009 2959 rei
1036 2901 1091 2961 hoc

64 2991 281 3060 argumentum
303 2990 426 3065 profert,
454 2988 534 3064 quod
556 2987 702 3064 postridie
725 3007 820 3047 nonas
843 2987 942 3048 Iulias·
961 3008 993 3048 re
1017 2989 1091 3049 bene

57 3076 166 3155 gesta,
196 3098 264 3138 cum
287 3077 384 3154 pridie
407 3078 536 3153 populus
559 3096 577 3135 a
601 3078 705 3136 Tuscis
728 3077 760 3135 in
783 3078 888 3154 fugam
915 3097 1018 3139 versus
1043 3082 1091 3153 sit,

53 3161 147 3222 unde
168 3167 361 3246 populifugia
384 3170 540 3242 vocantur,
563 3169 631 3242 posi
649 3167 807 3226 victoriam
826 3166 914 3227 cerlis
938 3168 1091 3227 sacrificiis

43 3240 113 3304 fiat
144 3257 298 3316 vitulaiio.

135 3355 267 3411 Macrob.
288 3359 314 3423 3,
328 3359 355 3423 2,
372 3360 406 3410 14
424 3369 476 3410 Piso
491 3386 525 3395 -
539 3369 650 3410 usuam.
683 3353 800 3421 quidam
822 3370 925 3408 nomen
949 3354 1008 3410 eius
1034 3355 1093 3408 ani-

17 3415 247 3552 ssff‘zegsum
265 3429 377 3495 putant,
396 3426 472 3494 quod
489 3428 590 3496 polens
607 3426 645 3480 sii
659 3424 736 3481 virae
748 3424 932 3482 soleraubae.
959 3427 1000 3492 ci,
1011 3426 1112 3480 Varro

120 3587 143 3632 1
156 3601 231 3650 poso
