2400 3824
519 187 549 240 L.
569 186 670 240 Accius

77 356 264 432 perfacile
287 355 417 431 patior,
441 357 666 431 pertinacem
688 355 742 413 nil
764 375 889 415 moror.

77 445 171 503 haec
193 445 303 504 fortis
327 445 500 520 sequitur,
524 445 625 503 illam
649 445 790 503 indocti
812 444 1016 520 possident3
1133 470 1144 510 ⁶

78 536 120 592 tu
145 533 249 593 addis
278 533 370 608 quod
393 533 485 593 vitio
510 537 576 608 est,
604 533 714 592 demis
738 534 832 609 quod
858 533 961 592 laudi
988 533 1104 593 datur.

154 633 229 687 Noc.
243 651 271 700 p.
286 636 353 698 432,
369 636 404 686 31
427 633 584 700 pervicacia
605 634 633 685 et
651 633 808 700 pertinacia
826 632 880 686 hoc
899 632 1019 686 distant:
1043 649 1105 700 per-

78 703 191 757 vicacia
214 705 257 757 est
278 703 419 757 interdum
437 704 574 758 bonarum
591 720 684 757 rerum
702 704 924 773 perseverantia,
948 704 1105 772 pertinacia

79 790 193 843 semper
215 774 360 828 malarum.
403 775 504 829 Accius
523 775 759 843 Myrmidonibus:
783 793 809 828 tu
824 807 856 814 -
871 789 945 829 datur.
983 776 1060 830 Eoo.
1080 793 1104 828 o.

78 851 139 900 408
154 848 237 902 Ribb.
266 847 396 915 pervince
410 847 550 915 pertinaci
563 847 728 914 pervicacia.
758 848 793 914 ef.
810 848 898 901 Varro
913 847 945 900 de
960 848 977 900 l.
992 848 1026 901 L.
1043 851 1068 912 5,
1077 850 1104 900 2.

155 941 171 988 2
193 936 233 989 ai:
253 953 302 990 cm.
317 936 426 990 Abdico
490 937 519 989 ct
538 952 572 988 ea
586 937 697 1001 Frater,
713 936 809 990 Rieu.-
827 937 856 989 et
875 952 892 989 a
956 941 1026 987 3-4
1042 941 1106 1003 post

79 1012 152 1059 5-6
173 1009 270 1073 Bothe,
289 1007 370 1061 Ribb.
463 1007 582 1060 idicis:
607 1025 655 1061 em.
675 1007 746 1062 Scal.

499 1185 549 1238 EX
567 1184 689 1238 BRUTO

359 1322 398 1376 17
427 1316 466 1394 [o.
487 1321 529 1377 39
547 1321 688 1391 praefert.
712 1309 825 1394 Rtbofl]

276 1425 336 1501 qui
358 1428 457 1484 recte
481 1426 662 1499 consulat,
686 1425 811 1484 consul
835 1425 922 1483 fuat.

163 1526 253 1579 Varro
271 1525 304 1578 cte
323 1526 339 1578 t.
355 1525 389 1578 L.
405 1529 431 1591 ὅ,
445 1529 482 1578 80
501 1523 596 1578 consul
616 1525 788 1591 nominatus,
813 1524 861 1592 qui
881 1523 1038 1579 consuleret
1056 1541 1106 1591 po-

79 1595 183 1665 pulum
202 1597 232 1650 et
250 1597 386 1663 senatum,
405 1596 461 1649 nisi
479 1596 559 1650 illino
577 1597 670 1664 potius
690 1597 765 1649 unde
779 1595 879 1649 Accius
900 1597 941 1649 ait
961 1596 991 1648 iu
1005 1595 1104 1648 Bruto:

81 1681 121 1731 qui
136 1699 174 1707 -
187 1681 244 1721 ruer
276 1667 311 1734 cf.
333 1669 420 1722 Varro
438 1669 475 1734 fr.
490 1672 553 1722 208.
589 1667 681 1736 Quint.
702 1673 727 1734 1,
743 1673 768 1733 6,
783 1671 826 1721 32.

156 1755 324 1810 consulciat:
340 1774 387 1810 cm.
399 1757 576 1827 Aoyrcstious
590 1774 612 1810 o.
623 1755 700 1810 cluat
710 1758 866 1810 Potmcrios
882 1773 903 1809 o.
915 1757 969 1809 siet
980 1757 1107 1810 Niebuhr

80 1854 114 1907 de
136 1853 247 1908 Gracco
268 1855 360 1920 formo
380 1854 520 1908 ‘Hectora'
541 1857 576 1908 ob
595 1855 679 1908 Accio
697 1856 729 1907 io
747 1855 896 1924 troqccotiis
914 1860 1051 1922 usurpato
1069 1855 1105 1919 cf.

88 1926 181 1979 Voler.
202 1925 354 1992 Soroosro.
364 1926 415 1979 has
424 1927 487 1979 item
496 1927 732 1994 spectoreotdctor
741 1926 850 1980 corbum
859 1927 966 1978 tormen
977 1925 1106 1992 (terimen

80 1997 155 2050 coni.
168 1996 292 2067 Speoyel)
300 2015 351 2064 pro
361 1997 497 2050 terminus
507 2004 679 2064 usurpatum,
694 2002 726 2050 ot
735 1999 776 2050 ait
789 1998 876 2051 Varro
891 1998 933 2065 (de
943 1998 960 2049 t.
972 1998 1005 2050 L.
1017 2001 1043 2062 5,
1049 2000 1106 2064 21),

80 2086 100 2122 α
120 2068 233 2122 terendo
253 2069 299 2134 (cf.
320 2069 439 2123 Ribbeck
457 2070 523 2123 ibid.
541 2086 569 2137 p.
584 2073 663 2136 262).

444 2245 627 2300 INCERTAE
648 2245 748 2299 sums

259 2380 302 2436 18
325 2371 460 2457 [Didosc.
485 2397 518 2437 ex
542 2380 606 2438 libr.
630 2382 685 2438 too.
711 2384 729 2437 1
749 2381 793 2438 M.
821 2383 862 2438 19
881 2373 934 2458 B.]

153 2493 263 2553 Accius
294 2513 313 2552 a
342 2493 374 2562 Q.
398 2494 529 2553 Maximo
561 2497 698 2570 quintum
731 2496 851 2554 consule
882 2490 923 2574 [o.
950 2489 1106 2575 545s209]

83 2585 213 2659 captum
237 2583 367 2643 Tarento
395 2583 515 2659 scripsit
542 2583 670 2657 Livium,
701 2585 787 2642 annis
810 2584 892 2641 XXX
919 2587 988 2658 post
1016 2605 1107 2660 quam

84 2692 156 2732 eum
181 2673 316 2731 fabulam
339 2672 473 2731 docuisse
498 2675 528 2732 et
548 2672 668 2731 Atticus
692 2672 795 2731 scribit
819 2666 871 2751 [fr.
888 2667 920 2751 1]
945 2677 975 2731 et
998 2691 1051 2732 nos
1074 2675 1106 2731 in

83 2763 222 2836 antiquis
247 2762 468 2820 commentariis
491 2761 669 2835 invenimus,
692 2762 825 2820 docuisse
851 2764 950 2820 autem
972 2762 1107 2821 fabulam

82 2851 174 2910 annis
189 2852 259 2925 post
272 2849 316 2908 XI
331 2849 360 2909 O.
373 2850 510 2910 Cornelio
526 2850 558 2919 Q.
569 2850 701 2910 Minucio
717 2851 886 2909 consulibus
897 2845 938 2929 [o.
951 2851 970 2909 5
975 2844 1104 2931 56J198]
1134 2863 1146 2903 ⁶

81 2940 165 2998 ludis
195 2939 372 3014 Iuventatis,
403 2959 476 3014 quos
506 2940 658 2998 Salinator
682 2939 806 2998 Senensi
833 2941 946 3015 proelio
975 2946 1105 3000 voverat.

159 3037 215 3092 Cic.
231 3038 313 3092 Brut.
329 3041 365 3091 72
384 3039 426 3090 est
446 3038 521 3090 enim
539 3037 614 3092 inter
628 3039 775 3106 scriptores
792 3039 826 3091 de
840 3055 955 3092 numero
971 3056 1106 3093 annorum

81 3109 283 3163 controversia.
316 3122 398 3163 Aesius
421 3111 516 3162 autem
535 3135 548 3162 a
562 3122 587 3171 Q.
601 3141 635 3149 —
650 3127 747 3164 voverat.
780 3110 810 3162 in
833 3125 888 3177 quo
911 3111 1007 3167 tantus
1032 3127 1108 3165 error

81 3179 237 3247 nonfuit,
256 3181 289 3232 ut
306 3179 350 3232 his
370 3181 529 3234 consulibus
548 3180 595 3233 XL
615 3197 702 3234 annos
720 3183 804 3234 natus
823 3180 928 3234 Ennius
948 3182 1040 3236 fuerit
1075 3185 1107 3236 dc

81 3253 167 3307 Accii
180 3268 271 3307 errore
285 3252 319 3317 of.
337 3253 424 3306 Varro
438 3253 474 3317 fr.
490 3256 532 3306 55.
553 3253 586 3306 oe
600 3254 774 3307 collocatione
787 3253 823 3318 fr.
838 3256 872 3319 cs.
888 3253 1003 3307 Didasc.
1016 3256 1106 3322 praef.

447 3387 487 3443 19
513 3381 547 3460 [4
566 3386 611 3443 Μ.
635 3387 679 3444 20
698 3383 749 3460 n]

152 3511 230 3549 nam
251 3510 317 3549 nec
340 3491 500 3550 Geminei
528 3492 680 3555 teriones
704 3515 771 3558 nec
796 3494 1043 3566 Conbatium„
1065 3507 1136 3550 m

67 3577 196 3633 Plauti
213 3576 315 3634 Anus
340 3596 406 3637 nec
427 3581 494 3642 Bis
525 3604 749 3666 compressa
775 3610 848 3654 nec
875 3586 1054 3650 Boeotia
1075 3597 1156 3638 um·
