2400 3824
430 187 467 242 M.
487 187 634 242 Terentius
653 188 741 243 Varro
1033 189 1096 254 181

73 345 213 401 maximas
231 349 329 430 posset
345 346 500 416 publicare,
521 347 588 401 data
602 348 696 402 Marco
711 348 831 402 Varroni
846 367 913 403 cura
932 367 1097 419 comparan-

75 417 176 472 darum
195 433 229 472 ac
248 418 466 489 digerendamm
486 420 523 490 [a.
544 418 665 491 707J47]
684 422 719 488 cf.
739 422 807 475 laid.
827 439 866 476 or.
887 425 993 488 a,5,1.

148 503 190 553 14.
215 500 290 553 Ptin.
314 517 342 552 a.
361 500 387 552 h.
412 504 506 566 7,115
539 499 577 552 M.
596 498 730 553 Varronis
757 499 787 553 in
815 497 996 568 bibliotheca,
1025 517 1098 570 quae

74 569 168 638 prima
185 569 216 622 in
230 569 296 623 orbe
316 570 352 624 ab
367 569 466 624 Asinio
480 569 608 624 Pollione
622 587 657 624 ex
670 571 812 626 manubiis
831 570 978 641 publicata
992 570 1098 628 Itomae

75 644 128 706 est,
147 641 231 694 unius
249 641 369 696 viventis
388 643 485 710 posita
505 642 599 712 imago
619 645 669 697 est.

148 727 191 804 ¹⁵:
212 721 268 805 Oia
281 723 360 776 acad.
375 730 447 805 poet.
468 727 524 790 1,9
544 723 593 794 [od
613 722 776 805 Varronem]
793 738 844 776 nos
864 723 894 805 in
912 724 1010 806 nostna
1028 723 1099 807 urbe

75 793 1100 938 latitudiuis„intitulatistitium

76 952 236 1006 agnoscere.
273 937 306 990 tu
326 938 449 991 aetatem
467 936 586 1005 patriae,
609 938 642 990 tu
661 935 860 1005 discriptiones
879 939 1047 1006 temporum,
1066 938 1100 992 tu

75 1023 220 1061 sacrorum
245 1007 322 1074 iura,
350 1010 382 1060 tu
408 1008 599 1075 sacerdotum,
626 1009 659 1061 tu
685 1007 881 1074 domesticam,
909 1010 942 1062 tu
967 1007 1104 1062 bellicam·

76 1078 266 1148 disciplinam,
285 1081 317 1132 tu
332 1078 429 1132 eedem
442 1079 590 1148 regionum
605 1078 738 1145 locorum,
750 1080 789 1139 ¹tu
801 1079 926 1133 omnium
941 1079 1100 1134 divinarum

75 1150 318 1218 humanarumque
336 1166 430 1203 rerum
453 1150 568 1205 nomina
591 1165 695 1220 genera
718 1149 812 1204 officia
835 1166 934 1205 causas
963 1151 1101 1219 aperuisti

97 1220 285 1290 lurimumque
304 1221 380 1274 idem
398 1221 491 1290 poetis
510 1221 614 1276 nostris
634 1221 803 1289 omninoque
819 1221 928 1276 Latinis
948 1223 977 1275 ot
995 1221 1099 1277 litteris

76 1239 194 1347 luminis
214 1296 243 1346 ot
261 1292 353 1347 verbis
378 1292 502 1347 attulisti
525 1295 611 1362 atque
633 1293 696 1361 ipse
714 1292 823 1346 varium
841 1294 870 1346 et
889 1292 1003 1363 elegans
1023 1293 1101 1357 omni

76 1364 136 1419 fore
159 1380 276 1418 numero
304 1369 405 1432 poema
430 1363 525 1419 fecisti
550 1363 815 1434 philosophiamque
840 1363 938 1420 multis
964 1363 1033 1420 locis
1057 1365 1102 1420 in·

77 1434 202 1503 choasti,
232 1434 268 1488 ad
293 1435 497 1504 impellendum
523 1435 607 1502 satis,
636 1435 672 1489 ad
698 1435 873 1490 edocendum
897 1451 1006 1504 parum.
1045 1437 1100 1492 Oia.

76 1502 161 1562 Brut.
177 1511 212 1562 60
236 1506 324 1560 Varro
343 1509 439 1562 noster
458 1506 694 1577 diligentissimus
714 1506 901 1576 investigator
919 1507 1101 1576 antiquitatis

78 1577 134 1634 Cic.
149 1579 187 1633 ad
204 1579 262 1633 Att.
282 1582 418 1645 13,18‚2
438 1578 500 1647 ipse
520 1578 637 1650 [Varro]
656 1577 740 1632 homo
758 1578 1014 1646 πολυγραφώτατος

150 1663 194 1712 16.
216 1659 275 1712 Vol.
292 1660 373 1713 Mac.
383 1663 409 1726 8,
421 1662 475 1725 7,3
495 1657 643 1712 Terentius
659 1659 755 1712 autom
764 1657 854 1712 Varro
868 1657 1011 1712 humanae
1024 1658 1101 1712 vitae

77 1728 190 1812 expleto
206 1730 299 1812 spatio
313 1746 370 1815 ιιοιι
384 1729 475 1813 annis,
494 1729 596 1797 quibus
612 1728 718 1814 saeculi
733 1732 843 1797 tempus
859 1729 998 1812 aequarit,
1011 1738 1102 1812 ‘quam

77 1799 784 1942 diguitatist13320ut¹2¹a¹35t⁰¹⁰
803 1802 832 1854 ⁰l
851 1801 967 1868 im
993 1817 1052 1854 ⁰¹¹¹⁸
1073 1802 1102 1855 ⁰⁶

150 1956 193 2006 17.
216 1951 451 2022 Qaaiut.10,1,95
470 1952 590 2006 alterum
603 1951 676 2005 illud
691 1951 778 2005 etiam
791 1951 869 2020 prius
884 1953 997 2005 saturae
1011 1967 1101 2021 genus

78 2023 129 2079 sed
153 2040 209 2076 non
232 2022 294 2077 sola
317 2023 472 2076 carminum
495 2024 632 2077 varietate
657 2024 777 2077 mixtum
802 2022 929 2076 condidit
952 2022 1101 2077 Terentius

78 2094 177 2159 Varro,
200 2094 243 2148 vir
265 2095 456 2148 Romanorum
482 2094 697 2149 eruditissimus.
734 2093 871 2163 plurimos
895 2093 942 2148 hic
960 2093 1047 2148 libros
1073 2095 1102 2146 et

78 2165 258 2221 doctissimos
282 2165 448 2234 composuit,
471 2165 660 2234 peritissimus
683 2165 797 2234 linguae
816 2165 933 2218 Latinae
957 2167 986 2218 et
1009 2164 1102 2219 omnis

79 2237 261 2305 antiquitatis
288 2239 317 2290 et
344 2253 437 2290 rerum
464 2235 634 2291 Graecarum
661 2239 884 2305 nostrarumque,
912 2235 976 2306 plus
1004 2238 1102 2290 tamen

78 2308 216 2363 scientiae
244 2307 397 2363 collaturus
425 2324 512 2377 quam
539 2307 726 2376 eloquentiae.
767 2309 806 2362 id.
831 2313 874 2375 12,
890 2313 933 2374 11,
948 2312 985 2363 24
1002 2313 1103 2380 {quam

78 2379 179 2446 multa,
197 2395 288 2448 paene
307 2380 411 2447 omnia,
430 2379 551 2433 tradidit
569 2379 672 2434 Varro!

152 2465 194 2515 18.
214 2460 298 2530 Apul.
314 2461 385 2528 apol.
396 2465 433 2515 42
459 2459 613 2514 Varronem
626 2459 827 2528 philosophum
841 2458 933 2512 virum
948 2457 1103 2511 accuratis·

79 2532 150 2587 sime
171 2532 286 2585 doctum
305 2533 390 2600 atque
410 2532 553 2585 eruditum

152 2616 195 2666 19.
216 2613 320 2667 Aaron.
340 2626 432 2667 comm.
446 2613 523 2680 prof.
542 2611 632 2665 Burei.
653 2614 737 2664 XX9
751 2628 782 2680 p.
799 2614 836 2663 66
847 2611 880 2663 Ρ.

233 2691 323 2745 omnis
343 2691 488 2744 doctrinae
506 2691 579 2744 ratio
599 2689 654 2744 tibi
673 2689 796 2772 cognita,
816 2690 952 2756 quantam

232 2762 330 2816 condit
349 2762 483 2816 sescentis
502 2761 591 2815 Varro
610 2759 808 2816 voluminibus.

152 2855 197 2906 20.
218 2852 335 2922 Aequa.
352 2853 401 2906 cic.
416 2852 443 2905 d.
459 2856 483 2917 6,
498 2855 517 2906 2
535 2850 585 2918 qui
604 2850 660 2922 [M.
681 2850 780 2921 Varro]
799 2851 859 2902 tam
878 2848 933 2903 etsi
951 2847 1044 2901 minua
1060 2847 1104 2902 est

80 2922 176 2978 suavis
202 2922 327 2991 eloquio,
357 2922 486 2976 doctrina
513 2924 608 2975 tamen
635 2923 720 2990 atque
746 2919 894 2976 sententiis
917 2920 959 2987 ita
982 2917 1103 2974 refertus

79 2996 134 3063 est,
157 2994 238 3048 utin
258 2993 333 3047 omni
357 2993 522 3059 eruditione,
550 3008 635 3061 quam
657 3009 708 3046 nos
732 2991 913 3059 saecularem,
939 2991 984 3044 illi
1007 2993 1104 3045 autom

80 3065 122 3120 lib
155 3065 230 3119 alem
243 3067 353 3132 vocant,
369 3065 527 3119 studiosum
540 3081 634 3118 rerum
647 3065 759 3117 tantum
773 3064 828 3118 isto
840 3064 948 3128 doceat,
964 3065 1104 3130 quantum

81 3139 130 3192 stu
150 3137 243 3190 iosum
269 3136 417 3190 verborum
441 3134 537 3190 Cicero
564 3135 695 3189 delectat.
717 3167 751 3174 -
775 3135 829 3188 iste
858 3133 946 3204 igitur
973 3133 1015 3188 vir
1042 3135 1104 3186 tam

80 3207 203 3278 insignis
214 3207 433 3276 excellentisque
447 3207 566 3276 peritiae
577 3209 613 3274 et,
628 3207 704 3274 quod
715 3206 749 3260 de
759 3206 809 3260 illo
820 3206 906 3259 etiam
916 3204 1102 3258 Terentianus

81 3277 295 3351 elegantissimo
314 3278 451 3332 versiculo
470 3278 592 3333 breviter
612 3278 653 3331 ait
672 3279 758 3348 [matr.
778 3277 874 3347 2846],

308 3358 351 3412 vir
370 3357 549 3413 doctissimus
568 3359 763 3424 undecumque
782 3355 880 3423 Varro,

81 3439 132 3510 qui
150 3442 211 3492 tarn
229 3438 320 3491 multa
342 3437 422 3508 legit,
445 3440 478 3491 ut
497 3437 606 3507 aliquid
629 3437 657 3492 ei
675 3437 800 3492 scribere
815 3435 952 3491 tacuisse
966 3434 1128 3509 muranum,

80 3513 142 3565 tam
155 3509 246 3563 multa
264 3509 385 3578 scripsit,
406 3528 492 3580 quam
511 3510 604 3567 multa
617 3511 668 3568 vix
681 3526 866 3582 quemquam
876 3506 986 3577 legere
1002 3504 1146 3568 potuum

73 3581 226 3634 credamus,
265 3581 300 3647 ιβ
320 3583 359 3636 ad,
380 3583 450 3640 otio.
466 3589 592 3658 passim.
