2400 3824
75 181 141 247 214
225 181 431 236 Grammaticae
451 181 553 236 aetatis
572 181 762 236 Varronianae
781 180 940 250 fragmenta

72 343 144 397 riam
158 342 300 397 corollam.
367 349 472 397 caeterea
485 342 557 397 Snet.
572 343 630 396 reli.
639 360 670 412 p.
686 344 749 398 419.
769 343 837 396 lna.
848 359 886 397 or.
902 345 930 407 8,
941 345 995 407 7,3
1013 341 1087 394 vates

73 431 91 468 a
105 414 132 467 vi
145 414 247 467 mentis
262 429 334 482 appe
346 413 418 468 latos
430 413 516 467 Varro
531 415 628 468 auctor
642 416 693 480 est,
708 412 751 467 vel
765 429 783 467 a
796 412 904 466 viendis
919 410 1088 466 carminibus

73 485 104 539 id
122 487 166 540 est
183 485 341 550 flectendis,
360 485 413 539 hoc
433 487 475 538 est
492 484 681 550 modulandis,
700 487 729 539 et
747 483 865 554 proinde
883 485 986 553 poetae
1004 481 1088 537 latine

73 559 152 610 vates
179 556 246 610 olim
273 558 302 610 et
326 556 432 624 scripta
457 573 553 610 eorum
585 555 720 610 vaticinia
751 555 930 621 dicebantur,
962 555 1039 623 quod
1063 554 1088 607 vi

73 628 196 696 quadam
223 631 252 683 et
279 627 361 695 quasi
387 627 502 681 vesania
531 627 560 680 in
591 627 738 682 scribendo
764 627 1015 692 commoverentur,
1047 625 1089 679 vel

72 699 148 768 quod
166 699 257 754 modis
276 698 361 753 verba
380 700 598 766 conecterentur,
618 699 692 754 viere
707 697 781 752 enim
795 697 907 766 antiqui
920 713 972 767 pro
986 696 1089 752 vincire

72 771 222 895 ponebant.
247 770 333 826 Sobel.
353 771 437 824 Bern.
457 787 521 839 epp.
541 771 579 823 ΙΙ
594 771 652 825 bne.
668 774 693 836 9,
709 773 744 824 34
762 771 840 823 vates
860 768 1000 836 dicuntur,
1018 767 1090 823 sicut

100 859 162 896 arro
182 842 231 908 ait,
250 841 309 895 avi
323 841 425 894 mentis
444 841 475 894 id
490 843 533 895 est
546 841 582 894 ab
597 840 734 895 instinctu
747 841 859 909 mentis,
878 839 936 894 sive
951 855 968 892 a
983 838 1090 895 viendis

73 915 103 967 et
127 913 306 968 modulandis
332 912 515 978 carminibus,
544 912 568 966 si
591 913 705 980 quidem
727 912 802 966 viere
825 911 968 982 significat
985 910 1090 966 vincire

74 986 230 1050 conectere,
255 984 329 1037 unde
352 984 445 1037 vimen
467 985 496 1038 et
519 983 639 1037 viminea
658 1000 725 1037 vasa
744 983 882 1037 dicuntur.
920 983 994 1038 sne.
1014 983 1089 1038 Dan.

73 1059 142 1111 Aen.
162 1060 193 1121 3,
211 1059 265 1109 443
291 1057 369 1110 vates
393 1071 410 1108 a
433 1054 461 1108 vi
486 1055 589 1108 mentis
619 1054 776 1123 appellatos
803 1054 892 1109 Varro
918 1056 1018 1109 auctor
1041 1055 1089 1108 est.

73 1129 107 1195 es.
123 1128 191 1181 Ine.
206 1144 244 1182 or.
262 1131 287 1192 7,
302 1116 346 1192 n,
361 1131 404 1181 15.
442 1128 544 1180 1999.
565 1128 603 1180 Η.
620 1144 648 1195 p.
664 1131 728 1191 223,
743 1131 768 1180 e.

145 1215 256 1284 antiqui
274 1215 420 1286 LSpenpei

561 1334 601 1388 67

141 1436 343 1514 Olympiam
366 1457 434 1496 non
457 1440 610 1496 accessit

146 1535 226 1590 09999.
243 1553 271 1604 p.
287 1540 333 1602 99,
348 1541 384 1590 16
402 1542 446 1605 (ε
462 1537 537 1590 Ρ999.
557 1537 620 1590 dab.
639 1553 716 1590 serm.
732 1553 762 1605 p.
779 1540 824 1602 72,
842 1537 936 1605 3513.)
959 1534 1091 1604 Olympia

74 1607 161 1662 Varro
181 1608 221 1661 ait
241 1640 274 1647 —
294 1608 328 1660 do
348 1608 498 1676 poematis:
519 1621 552 1661 oi
566 1632 613 1661 non
626 1633 673 1661 aco.

168 1821 217 1874 EX
236 1819 494 1875 HEBDOMADON
512 1820 584 1873 VEL
603 1819 792 1874 IMAGINUM
811 1819 927 1874 LIBRIS
947 1819 999 1873 XV

145 1963 214 2015 qnae
232 1946 264 1999 de
283 1946 374 1999 indole
397 1952 422 1999 et
439 1945 535 1999 ordine
552 1946 636 2000 haina
658 1947 748 2014 open'c
764 1946 915 2016 capacitate
929 1946 1092 2014 99999999

73 2018 218 2072 1999999999
236 2024 261 2071 ei
275 2017 402 2071 Brnnnii
415 2017 525 2087 eopniia
538 2023 604 2070 snnt
617 2017 735 2084 (Ritoelvl
748 2033 791 2086 ep.
802 2021 828 2083 3,
838 2019 959 2086 50889),
978 2017 1010 2070 99
1024 2016 1091 2072 Pln'-

73 2089 160 2159 iolopo
175 2093 218 2154 13,
234 2092 330 2157 74989.
354 2106 372 2142 9
387 2088 525 2143 Menekic'n
542 2093 683 2143 eontracta
699 2089 872 2156 eirictineqne
890 2087 968 2157 apud
985 2087 1091 2142 Senon

73 2161 197 2228 cepoeitn
224 2159 329 2228 (Geceb.
349 2160 375 2212 d.
395 2159 473 2213 1969.
494 2157 567 2214 Ine!
585 2165 611 2224 1,
625 2161 689 2227 368)
717 2161 831 2214 incenis.
850 2160 1008 2230 srapnenta
1032 2158 1090 2214 coll.

75 2231 273 2299 cncnappn's,
295 2232 394 2301 freyn.
414 2231 440 2284 d.
460 2247 570 2301 999999.
590 2231 623 2284 de
642 2230 685 2284 M.
708 2231 766 2285 Ter.
788 2231 866 2284 Vane.
890 2231 1015 2285 intitules
1037 2231 1105 2285 110³

72 2303 208 2372 pictonici,
227 2301 418 2356 Hebdomades
439 2303 481 2355 cel
499 2302 542 2354 De
560 2302 688 2370 incoin,
711 2302 744 2355 de
762 2303 854 2368 (ormo
869 2301 968 2370 philos.
997 2302 1092 2370 (Pane

74 2377 150 2429 1868
171 2391 200 2441 p.
223 2375 322 2442 87sq.).
360 2374 436 2441 apnoi
461 2373 588 2426 Plinium
611 2374 778 2427 incnlentnne
801 2379 876 2427 extat
900 2373 1092 2438 9999999999,

73 2462 101 2498 9.
116 2445 141 2498 b.
157 2447 202 2511 35,
217 2449 263 2498 11:
287 2444 445 2513 imaginum
464 2459 587 2497 amorem
605 2442 738 2513 flagrasse
757 2443 901 2512 quondam
919 2445 1007 2498 netes
1027 2445 1092 2498 suut

73 2516 186 2569 Atticus
209 2515 258 2569 ille
282 2515 422 2570 Ciceronis
446 2514 522 2569 edito
546 2515 581 2568 de
600 2514 635 2568 iis
654 2514 808 2582 volumine,
832 2515 868 2568 M.
888 2516 985 2568 autem
1003 2514 1091 2569 Varro

73 2586 275 2656 benignissimo
300 2587 414 2641 invento
442 2586 555 2640 insertis
583 2585 756 2640 voluminum
784 2603 897 2640 cuorum
922 2585 1092 2640 fecunditati

74 2659 315 2730 septingentorum
338 2657 490 2711 illustrium
515 2657 610 2725 aliquo
634 2657 716 2711 modo
739 2657 884 2711 hominum
909 2656 1092 2727 imaginibus,

73 2746 131 2783 non
153 2747 251 2798 passus
274 2729 442 2783 intercidere
465 2729 568 2798 figuras
588 2730 637 2781 aut
654 2730 825 2782 vetustatem
844 2727 906 2783 aevi
924 2730 1025 2782 contra
1042 2728 1091 2783 ho·

73 2801 164 2854 mines
182 2800 286 2866 valere;
305 2800 433 2854 inventor
451 2799 573 2852 muneris
588 2800 675 2852 etiam
689 2799 732 2854 dis
747 2799 887 2865 invidiosi,
906 2800 1021 2868 quando
1039 2799 1093 2853 im-

74 2871 236 2925 mortalium
255 2889 310 2925 non
330 2870 420 2926 solum
434 2871 521 2936 dedit,
540 2885 636 2924 verum
651 2870 738 2924 etiam
751 2871 782 2924 in
796 2871 886 2926 omnis
900 2873 990 2926 terras
1005 2870 1092 2938 misit,

74 2944 106 2996 ut
124 2944 285 3010 praesentes
304 2958 364 2996 esse
382 2941 487 3009 ubique
506 2958 557 2996 eeu
576 2942 606 2994 di
623 2945 746 3011 possent.
769 2944 805 3009 cf.
820 2943 892 2998 Sne.
911 2943 970 2998 rell.
982 2959 1012 3011 p.
1027 2943 1091 2998 319

74 3015 201 3082 temporie
217 3015 304 3068 Varro
322 3016 380 3082 ipse
398 3014 475 3082 apud
495 3013 614 3081 Gellinne
633 3015 788 3083 (3,10,17)
806 3015 838 3067 99
851 3015 921 3069 libro
935 3014 1091 3070 Hebdoma-

74 3086 140 3139 dnm
154 3086 246 3154 primo
266 3092 361 3139 aneton
379 3092 428 3139 eet:
451 3085 513 3137 tum
531 3084 572 3137 ibi
591 3083 672 3138 addit
695 3101 724 3138 se
743 3102 855 3154 quoque
878 3083 936 3139 iam
959 3085 1091 3140 duodeci·

74 3171 147 3209 mam
173 3173 308 3209 annorum
330 3155 537 3210 hebdomadam
559 3155 717 3225 ingressum
740 3172 808 3210 esse.
844 3172 906 3211 cnm
924 3157 997 3210 enin
1016 3173 1092 3212 anno

75 3226 194 3299 638s116
217 3234 301 3282 noina
322 3229 371 3293 eii,
393 3228 517 3295 eeqnilnr
539 3233 571 3280 99
593 3244 667 3282 anno
690 3229 747 3294 fene
771 3226 870 3298 715l39
888 3228 991 3282 libram
1009 3230 1092 3283 ictam

73 3300 269 3367 conscripserit.
305 3300 358 3354 bne
371 3301 508 3368 pertinere
526 3299 634 3353 cidetnr
650 3300 687 3365 fr.
701 3303 765 3354 298.

435 3461 478 3522 68
502 3451 538 3541 [3
565 3452 734 3538 Obappnisl

106 3565 158 3626 lib·
181 3569 215 3631 I.
252 3570 292 3631 M
323 3572 426 3636 Varro
448 3573 608 3652 inprime
629 3554 1110 3643 domapnmusmesstnnse
