2400 3824
333 208 375 262 De
393 207 468 262 ludis
486 208 645 263 litterarum
664 210 693 263 ot
710 208 854 276 magistris
1051 206 1103 261 XV

153 378 205 436 22.
220 375 300 436 Suet.
312 378 350 437 de
361 395 485 452 promm.
497 379 539 436 13
555 376 743 436 Staberius
758 378 846 436 Eros
859 376 1011 436 —docuit
1024 378 1104 436 inter

84 469 200 526 ceteros
223 466 355 526 Brutum
376 470 408 527 et
433 465 575 526 Cassium.
613 470 683 527 sunt
706 468 757 543 qui
780 466 903 526 tradant
925 469 1012 524 tanta
1036 486 1103 525 eum

82 556 245 614 honestato
264 555 442 632 praeditum,
460 559 495 614 ut
512 555 698 632 temporibus
717 555 849 614 Sullanis
868 556 1103 631 proscriptorum

83 643 197 703 liberos
225 645 321 720 gratu
348 648 379 704 et
406 646 469 704 sine
496 645 630 704 mercede
658 645 721 703 ulla
747 646 779 703 in
808 645 998 720 disciplinam
1024 662 1103 702 recc-

83 732 172 809 porit.
219 734 262 790 cd.
279 751 309 803 p.
325 739 423 805 106sq.

157 833 211 886 troc
233 839 320 887 aetate
340 833 444 888 Itomae
467 834 552 887 latine
575 832 690 888 dicendi
700 839 886 901 praeceptores
904 833 997 888 docere
1015 849 1103 902 eoepe-

81 910 154 958 ruut
167 905 320 973 exemplum
334 905 368 958 L.
384 905 472 959 Plotii
488 905 565 959 Galli
577 906 670 971 secuti,
689 907 738 974 qui
751 922 840 972 puero
856 905 980 959 Cicerone
993 905 1105 973 primus

83 977 211 1030 ommium
230 977 352 1030 Latiuus
369 977 459 1030 rhetor
476 976 540 1042 fuit.
569 977 603 1043 cf.
623 977 695 1031 Suet
715 977 748 1030 de
765 977 831 1030 rhet.
850 980 876 1030 2.
905 975 966 1030 Seu.
986 981 1103 1030 coutroc.

81 1049 112 1113 2,
131 1051 157 1101 8.
190 1046 282 1117 Quint.
302 1052 330 1112 2,
349 1052 375 1113 4,
393 1050 611 1114 42.11,3,143.
641 1048 1043 1102 Hierou.oda.Abr.1929.

155 1154 208 1213 23.
237 1153 607 1222 Var·rodel.L.7,107
630 1153 710 1229 apud
732 1152 881 1212 Naevium
894 1154 988 1211 -in
1011 1151 1104 1230 Nagi-

84 1241 166 1300 done
191 1233 246 1324 [ΙΙ
260 1260 286 1301 ν.
304 1245 346 1304 62
359 1234 473 1321 Ribb.³]
497 1243 662 1302 elucidatus
688 1235 850 1324 [caudacus
873 1236 970 1322 Flor]
994 1243 1104 1318 suavis,

82 1334 152 1390 tam
177 1333 233 1390 etsi
257 1350 275 1390 a
297 1331 451 1410 magistris
475 1333 641 1407 accepimus
664 1335 861 1392 mansuetum.

573 1519 621 1587 lll

156 1645 208 1703 24.
231 1641 337 1702 Strabo
353 1647 404 1711 14,
417 1644 481 1702 650
500 1639 607 1725 ἄνδρες
626 1638 658 1702 δὲ
672 1641 828 1724 γεγόνασιν
843 1641 958 1716 ἔνδοξοι
973 1643 1106 1714 Νυσαεῖς

86 1764 132 1773 -
159 1732 354 1813 Μενεκράτης
381 1725 569 1812 Ἀριστάρχου
600 1731 747 1811 μαθητής,
776 1731 827 1792 καί
853 1724 1105 1811 Ἀριστόδημος

85 1819 207 1882 ἐκείνου
229 1819 306 1898 υίός,
329 1813 366 1881 οὗ
390 1821 591 1899 διηκούσαμεν
614 1817 700 1899 ἡμεῖς
720 1820 902 1901 ἕσχατόγηρω
921 1818 984 1881 νέοι
1001 1838 1105 1879 παντε-

84 1913 147 1981 λῶς
175 1906 208 1969 ἐν
235 1918 269 1989 τῆ
294 1909 383 1996 Νύση
408 1943 452 1952 -
476 1907 491 1969 ό
515 1905 543 1970 δ’
560 1907 698 1991 ἡμέτερος
726 1910 776 1970 καὶ
804 1908 973 1991 ἐρρητόρευε
1000 1908 1051 1969 καὶ
1073 1906 1105 1968 ἕν

84 2008 124 2082 τῇ
147 1994 239 2080 Ῥόδῳ
263 1997 312 2060 καί
335 1997 368 2059 ἕν
390 2007 425 2083 τῇ
449 2000 567 2080 πατρίδι
591 2000 645 2060 δύο
670 1998 774 2078 σχολὰς
797 2004 925 2078 συνεῖχε,
952 1996 1029 2077 πρωί
1052 1994 1132 2076 piro

85 2087 146 2166 την
170 2087 341 2169 ῥητορικήν,
365 2088 462 2166 δείλης
492 2085 524 2148 δὲ
550 2087 605 2166 την
632 2087 837 2169 γραμματικὴν
865 2087 986 2168 σχολήν·
1014 2085 1047 2147 ἐν
1075 2083 1106 2146 δὲ

84 2186 124 2260 τῇ
145 2171 244 2261 Ῥώμη
267 2185 326 2237 τῶν
344 2176 478 2257 Μάγνου
496 2178 614 2238 παίδων
632 2176 793 2238 ἐπιστατῶν
815 2175 931 2256 ἠρκεῖτο
954 2185 989 2261 τῇ
1013 2199 1106 2256 γραμ-

85 2276 199 2351 ματικῇ
223 2270 319 2349 σχολῇ.
357 2285 419 2322 cum
437 2270 551 2337 Pompei
568 2269 624 2336 dlii
641 2271 718 2324 iutro
732 2285 820 2322 uuuos
835 2271 945 2322 73-75
963 2269 1025 2322 uoti
1042 2269 1106 2332 stur,

82 2351 147 2403 iam
166 2348 230 2401 iude
248 2349 304 2414 fere
322 2348 357 2402 ab
376 2366 401 2401 ο.
416 2353 452 2402 65
470 2351 582 2403 iustitui
595 2355 754 2417 potueruut.
782 2352 856 2402 auuo
875 2365 936 2402 uero
951 2349 1058 2402 circiter
1072 2351 1107 2402 50

83 2418 282 2474 Aristodemus
300 2421 419 2474 Romam
436 2421 556 2488 reliquit,
581 2423 607 2474 si
630 2421 789 2475 Strabonem
812 2421 1008 2474 adulescentem
1031 2415 1106 2486 (νέον

83 2493 251 2559 παντελῶς),
270 2493 319 2560 qui
337 2509 362 2544 a.
379 2496 414 2546 63
428 2497 512 2546 rictus
530 2509 584 2546 esse
602 2492 709 2546 ridetur
728 2493 829 2560 (Niese,
844 2493 959 2545 Hermes
969 2495 1012 2555 13,
1027 2493 1063 2544 37
1067 2506 1106 2557 sq.

84 2563 142 2616 Βία
161 2563 237 2616 Mus.
257 2567 300 2628 38,
316 2566 370 2616 567
375 2565 433 2630 sp),
451 2564 547 2634 Npsae
566 2564 673 2628 docuit;
692 2569 773 2632 atque
791 2569 851 2616 erat
867 2565 892 2615 is
910 2568 976 2615 tuuc
995 2558 1106 2631 ἐσχατό-

83 2653 188 2704 γηρως.
230 2634 264 2700 cf.
294 2633 428 2688 Susemiltl
454 2638 482 2700 2,
506 2639 602 2703 183sq.
645 2634 794 2700 Schwartz,
822 2633 1018 2703 Pauly-Wiss.
1046 2631 1109 2686 RE

84 2709 115 2769 2,
136 2704 255 2775 925s30.
283 2707 415 2774 reliquiae
442 2712 508 2760 suut
531 2706 609 2774 apud
633 2707 765 2770 Mueller,
789 2704 886 2758 ΓΗΘ
905 2709 930 2770 3,
950 2707 1051 2772 307sq.
1075 2703 1108 2757 de

85 2777 246 2830 Homericis
263 2777 364 2831 studiis
382 2778 417 2844 cf.
437 2777 601 2843 Hefermeltl,
621 2777 673 2831 th.
695 2777 769 2830 Mus.
791 2781 833 2842 61,
848 2780 910 2831 296.

158 2891 209 2950 25.
234 2891 311 2950 Plut.
335 2895 442 2965 quaest.
467 2910 546 2951 cour.
571 2893 682 2962 9,1,3
707 2884 799 2972 (Mor.
821 2895 849 2960 4,
870 2894 934 2950 360
945 2882 998 2971 B.)
1023 2892 1107 2967 Πομ-

88 2979 171 3064 πηίῳ
196 2978 316 3064 Μάγνῳ
340 2977 433 3053 φασίν
451 2977 509 3040 άπὸ
533 2988 586 3057 τῆς
609 2979 736 3060 μεγάλης
759 2978 936 3056 ἐπανήκοντι
960 2978 1108 3057 στρατείας

89 3064 133 3148 [a.
157 3061 298 3149 693s61]
332 3067 383 3129 τὸν
416 3069 594 3129 διδάσκαλον
626 3078 678 3147 τῆς
707 3067 857 3149 θυγατρὸς
886 3066 1036 3140 ἀπόδειξιν
1064 3067 1108 3126 δι-

91 3156 184 3218 δόντα
202 3157 320 3236 βιβλίον
339 3156 535 3236 ιιομισθὲντος
552 3157 693 3218 ἐνδοῦναι
712 3169 747 3242 ιη
764 3156 847 3217 παιδί
861 3157 1001 3234 τοιαύτην
1016 3154 1108 3235 ἀρχήν

91 3241 195 3325 [Hom.
214 3247 257 3305 Il.
278 3250 307 3315 3,
324 3241 417 3327 428}
437 3242 560 3324 ‘illudes
583 3246 616 3308 ἐκ
638 3246 779 3325 πολέμου·
804 3244 844 3318 ὡς
868 3245 977 3323 ὤφελες
998 3237 1135 3305 αὐτόθ’σ

92 3330 233 3396 ὀλέσθαι’.
278 3339 352 3392 rum
378 3340 512 3392 ucmiuem
539 3339 627 3392 olium
654 3355 707 3392 esse
734 3339 791 3392 uisi
815 3337 1018 3392 Aristodemum
1039 3336 1108 3387 veri-

90 3419 179 3472 simile
197 3424 242 3472 est.

155 3517 207 3570 M
247 3513 360 3572 Surdas
380 3535 416 3588 p.
446 3519 538 3578 1051
557 3520 596 3581 B.
646 3521 887 3607 Τυραννίων
916 3509 1151 3596 ’Ἐπιιηρατίδου

72 3595 124 3651 καί
153 3598 285 3666 AWW?
316 3594 573 3694 Ἄλεξανδρίνης,
612 3609 862 3700 Ἀμισηνὸς·
906 3601 1101 3696 ἒηρηρόπιζῑ
1138 3587 1178 3650 ⁸²
