2400 3824
409 151 446 206 M.
466 150 611 205 Terentius
631 148 719 205 Varro
1006 155 1072 219 349

529 321 595 380 388

121 444 202 502 ultra
220 444 410 504 Pelusiacum
433 447 544 506 ostium
562 445 677 504 Arabia
700 449 745 504 est
768 446 806 504 ad
825 446 957 506 Rubrum
980 451 1072 523 perti·

54 551 128 592 nens
160 553 258 608 mere,
295 534 375 610 quod
407 534 607 610 Enythraeum
640 535 677 594 ab
707 535 840 611 Erythra
870 554 940 614 rege
972 536 1073 597 Persei

55 624 86 680 et
118 622 324 683 Andromedae
360 623 437 699 filio,
474 643 533 684 non
570 625 667 684 solum
699 643 718 682 a
753 626 850 684 colore
888 626 1072 702 appellatum

54 712 151 771 Varro
175 711 256 771 dicit.

128 819 207 875 Soiin
230 821 328 876 collect,
348 825 554 887 33,1u1a2-
569 835 628 876 uois.
661 823 696 889 ef.
717 821 829 878 Canius
847 823 916 890 Rus.
932 828 1015 891 10,1,
1031 829 1073 879 13.

56 893 188 960 Pompon.
210 893 287 947 Melo
301 897 327 959 3,
343 895 386 947 72.

514 1045 610 1104 *389

123 1167 257 1243 Erythea
284 1167 365 1227 dicta
393 1171 452 1244 est,
487 1169 629 1244 quoniam
658 1170 731 1246 Tyri
764 1170 938 1248 aborigenes
969 1190 1072 1230 earum

56 1259 117 1315 orti
140 1257 177 1316 ab
202 1257 333 1333 Erythro
355 1258 432 1316 mari
455 1257 634 1318 ferebantur.

128 1366 204 1420 Plin.
223 1382 251 1418 n.
270 1366 295 1418 ii.
310 1369 405 1432 4,120
427 1380 528 1430 nauca
542 1398 576 1406 —
590 1381 724 1421 tenuantur.
760 1367 841 1424 Giton
856 1384 886 1435 p.
902 1371 946 1433 61,
962 1371 979 1421 7
998 1367 1074 1422 idem

56 1436 183 1560 fferre}
206 1435 300 1504 inquit
318 1437 468 1508 [Plinine]‚
492 1438 707 1506 antiquitatium
729 1438 917 1492 humanarum
934 1438 997 1493 XII:
1025 1439 1073 1493 ‘ab

81 1506 176 1576 rythro
195 1524 272 1562 mare
292 1508 367 1562 orti’.
399 1510 465 1563 haec
483 1509 521 1562 ad
540 1509 640 1564 intrem
659 1527 677 1563 a
694 1509 821 1564 Charieio
839 1517 1075 1565 coinmenoratnm

52 1579 190 1647 pertinere
208 1579 266 1646 sere
283 1587 385 1634 centnm
403 1587 448 1634 esi.

518 1732 537 1774 *
548 1734 613 1791 390

125 1855 156 1912 hi
175 1855 323 1914 inmutato
342 1857 363 1914 h
381 1856 412 1914 in
430 1857 446 1914 f
463 1857 574 1917 Falisci
592 1857 667 1916 dicti
684 1859 762 1932 sunt,
786 1859 865 1916 sicut
884 1889 917 1897 -
936 1857 1073 1915 Formiae

58 1963 135 2020 quae
158 1944 300 2004 Hormiae
323 1946 447 2004 fuerunt
475 1943 533 2006 ἀπὸ
556 1954 608 2025 τῆς
631 1943 737 2025 cippi&
766 1965 834 2005 nam
859 1948 1019 2022 posteritas
1042 1949 1073 2004 in

57 2034 163 2093 multis
186 2035 356 2094 nominibus
380 2036 395 2093 f
414 2054 469 2112 pro
492 2036 513 2094 h
535 2037 645 2113 posuit.

128 2141 202 2196 Sera.
226 2142 296 2197 Aen.
317 2146 343 2208 7,
362 2146 417 2197 695
449 2142 572 2197 Faliscos
600 2142 719 2197 Halesus
747 2143 882 2198 condidit.
928 2157 953 2197 111
981 2145 1075 2196 autem

56 2227 167 2266 inmune
183 2244 215 2252 -
229 2227 288 2267 saue
309 2213 396 2268 febris
420 2214 524 2268 dicitur
547 2231 619 2282 quoe
643 2217 708 2269 ante
731 2214 824 2269 hebris
844 2214 999 2281 dicebatur,
1022 2228 1075 2269 uor-

57 2298 116 2337 mine
130 2315 165 2323 -
178 2298 258 2346 posuis.
291 2286 326 2351 cf.
342 2286 425 2340 Pani.
441 2285 515 2340 Feci.
530 2303 561 2354 p.
577 2290 623 2351 83,
636 2291 661 2341 9.
690 2288 765 2340 Ptin.
780 2304 807 2340 n.
822 2287 847 2339 h.
863 2291 889 2352 3,
904 2290 947 2341 59.
976 2287 1075 2341 Strabo

58 2359 84 2420 5,
98 2359 161 2410 233.
191 2356 277 2410 Solin.
292 2361 320 2423 2,
336 2361 361 2411 7.
389 2359 421 2410 de
444 2357 567 2411 Varrone
591 2365 700 2412 annone
722 2359 757 2423 os.
777 2358 884 2413 Samia
901 2358 968 2412 ibid.
984 2375 1014 2426 p.
1031 2361 1073 2412 73.

58 2427 250 2493 Reitzenstein,
269 2429 519 2493 Hermocraten.
562 2460 564 2464 ι

131 2557 144 2604 1
166 2551 236 2605 dicti
256 2552 289 2623 a]
308 2553 490 2606 nominentur
507 2553 638 2607 nonnulii
655 2553 731 2629 codd.

513 2740 611 2798 *391

125 2864 199 2923 dieti
227 2867 297 2924 sunt
323 2865 382 2941 ipsi
408 2865 514 2941 populi
541 2865 631 2942 Hirpi
656 2864 775 2940 Sorani3
805 2883 875 2924 nam
902 2866 968 2942 lupi
992 2865 1076 2924 Sabi·

57 2974 164 3013 norum
187 2954 291 3031 lingua
314 2957 459 3014 vocantur
481 2955 570 3031 hirpi.

130 3061 203 3116 Serv.
219 3062 288 3115 Aen.
305 3067 347 3130 11,
363 3067 418 3116 785
438 3061 560 3116 Soractis
578 3079 657 3115 mons
677 3064 719 3116 est
733 3061 915 3132 Hirpinorum
930 3062 960 3114 in
974 3061 1076 3115 Flami-

58 3134 107 3186 nia
135 3132 296 3187 conlocutus
326 3133 459 3203 [seqnitur
485 3135 600 3188 historia
628 3135 660 3187 de
683 3135 758 3202 inpie
781 3135 830 3201 qni
851 3135 904 3188 hnc
925 3135 1075 3203 veneranti

58 3219 113 3258 mou
126 3222 179 3258 sune
193 3237 226 3244 —
240 3219 306 3266 mrpr.
340 3204 438 3258 Sorani
456 3221 520 3258 vero
540 3221 557 3258 a
576 3203 653 3271 Dite,
677 3221 743 3258 nam
761 3204 836 3258 Ditis
854 3207 937 3274 pater
956 3203 1077 3259 Soranus

58 3278 185 3341 vocatur;
214 3275 296 3344 quasi
319 3275 380 3345 lupi
403 3276 476 3330 Ditis
500 3275 598 3344 patris.
640 3277 705 3330 haec
723 3293 756 3330 en
780 3277 902 3331 Varrone
924 3278 1078 3331 nanneten

59 3349 166 3402 collatis
185 3348 260 3402 Ptin.
280 3364 307 3399 n.
323 3348 348 3400 t.
368 3352 412 3414 31,
425 3352 471 3402 27.
504 3348 577 3403 Sero.
597 3349 666 3401 Aen.
683 3352 708 3413 7,
723 3351 785 3402 563.
819 3348 887 3401 Icid.
907 3364 945 3402 or.
961 3352 1004 3413 14,
1019 3350 1078 3413 9,3

58 3419 131 3472 cidit
149 3418 255 3473 Sainter
274 3419 339 3472 ibid.
357 3437 384 3487 p¹
403 3424 445 3472 70.
483 3420 516 3472 de
534 3419 668 3488 Hirpinis
685 3435 783 3472 restem
806 3419 910 3472 wentae
929 3425 966 3473 eet
990 3418 1077 3472 Varro

59 3491 143 3560 (Serv.
163 3491 233 3544 Aen.
254 3495 296 3554 11,
312 3494 375 3544 787.
413 3492 487 3545 Ptin.
512 3508 538 3543 n.
558 3491 583 3543 h.
605 3493 691 3556 7,19)
718 3491 833 3557 fortasse
851 3491 883 3542 in
908 3491 977 3544 libro
996 3491 1078 3543 disei-

55 3563 203 3630 piinarnm
222 3562 254 3615 de
272 3562 415 3616 medicina.
