2400 3824
436 224 473 278 M.
492 223 638 277 Terentius
657 222 746 278 Varro
809 280 813 286 ,
1032 225 1097 289 323

82 400 155 452 quae
175 400 191 438 a
210 384 324 438 civitate
344 383 477 439 Oscorum
495 384 602 452 Atella,
626 385 731 454 inqua
753 385 875 454 primum
894 388 1023 456 coeptae,
1050 404 1095 456 ap·

81 455 205 524 pellatae
230 457 296 508 sunt
321 456 482 525 Atellanae,
512 457 683 540 argumentis
707 457 846 525 dictisque
869 457 1039 512 iocularibus
1063 459 1099 511 si-

81 526 162 581 miles
186 526 316 596 satyricis
334 527 439 582 fabulis
459 527 580 583 Graecis.
618 531 720 597 quarta
743 528 850 597 speeies
870 532 913 584 est
929 529 1098 600 planipedis,

82 599 131 666 qui
150 615 249 667 graece
269 599 373 653 dicitur
396 601 507 655 mimus.
544 600 608 654 ideo
628 603 722 653 autem
740 599 829 653 latine
848 600 978 671 planipes
998 601 1098 669 dictus,

82 671 158 736 quod
177 673 284 725 actores
303 671 422 739 pedibus
441 671 534 742 planis
553 672 584 724 id
598 673 641 725 est
654 672 736 725 nudis
751 673 928 741 proscenium
941 673 1099 739 introirent,

81 758 137 795 non
152 744 184 794 ut
198 741 299 813 tragici
314 745 421 797 actores
437 761 500 796 cum
515 743 638 797 coturnis
655 759 745 812 neque
759 745 792 796 ut
806 743 906 797 comici
921 760 984 798 cum
998 744 1099 809 soccis3

82 813 141 866 sive
159 813 235 882 quod
254 813 322 867 olim
336 832 392 868 non
405 815 436 868 in
451 818 586 885 suggestu
601 831 718 869 scaenae
732 815 782 870 sed
796 815 826 868 in
840 815 926 884 plano
941 816 1100 870 orchestrae

81 884 182 953 positis
200 885 394 940 instrumentis
412 887 533 941 mimicis
553 885 718 941 actitabant.
756 886 834 940 cuius
853 887 1013 956 planipedis
1032 889 1101 940 Atta

81 958 243 1027 togatarum
262 957 381 1027 scriptor
399 958 441 1011 ita
459 959 489 1011 in
504 957 643 1013 Aedilicia
657 957 756 1011 fabula
769 959 899 1012 meminit
914 957 1099 1030 [o.1Ribb.⁶]:

83 1028 209 1081 ‘daturin
228 1030 295 1082 e‘stis
315 1038 431 1084 aarum?
456 1030 565 1084 exultat
583 1029 732 1100 planipee'.
753 1061 786 1069 —
806 1032 906 1100 togata
922 1031 1101 1100 praetextata

83 1116 99 1153 a
122 1100 270 1170 tragoedia
293 1100 400 1168 differt,
425 1103 500 1169 quod
519 1103 548 1155 in
569 1101 717 1171 tragoedia
740 1101 838 1156 heroes
861 1101 1045 1168 inducuntur,
1068 1104 1102 1154 ut

81 1171 220 1225 Pacuvius
230 1173 396 1242 tragoediae
410 1173 570 1227 nominibus
579 1173 699 1228 heroicis
709 1172 829 1242 scripsit,
840 1172 967 1228 Orestem
977 1171 1101 1242 Chrysen

82 1245 112 1296 et
130 1243 173 1296 his
193 1243 311 1311 similia,
334 1245 403 1298 item
422 1246 536 1313 Accius,
561 1245 590 1297 in
608 1246 787 1314 praetextata
806 1248 901 1300 autem
920 1244 1027 1318 <duces
1046 1245 1100 1299 Ro-

82 1315 167 1383 mani,
187 1315 268 1368 utin
287 1315 341 1388 ea>
361 1334 433 1384 quae
451 1317 616 1371 inscribitur
629 1316 732 1371 Brutus
751 1316 795 1370 vel
814 1316 925 1383 Decius,
944 1316 1013 1372 item
1027 1317 1101 1370 Mar-

82 1385 178 1440 cellus.
204 1389 305 1456 togata
322 1388 484 1442 tabernaria
504 1405 520 1442 a
539 1389 684 1443 comoedia
699 1386 802 1456 differt,
822 1389 897 1456 quod
912 1389 941 1441 in
957 1388 1101 1442 comoedia

83 1457 183 1512 Graeci
201 1458 273 1512 ritus
292 1459 465 1513 inducuntur
481 1476 674 1529 personaeque
694 1459 825 1527 Graecae,
844 1459 949 1514 Laches
965 1459 1100 1529 Sostrata,

82 1530 112 1582 in
140 1529 191 1582 illa
214 1545 279 1584 vero
305 1531 430 1586 Latinae.
468 1533 581 1601 togatas
606 1530 782 1586 tabernarias
808 1530 838 1584 in
864 1547 995 1586 scaenam
1021 1533 1100 1585 data·

82 1602 182 1654 verunt
204 1601 355 1671 praecipue
380 1603 448 1669 duo,
472 1604 501 1656 L.
517 1603 649 1657 Afranius
669 1605 697 1656 et
716 1601 744 1658 O.
765 1601 896 1668 Quintius
915 1603 953 1675 [g.
974 1603 1101 1673 quintius

83 1672 154 1726 AM
170 1673 299 1740 quintilis
314 1673 367 1745 B];
386 1691 453 1728 nam
471 1674 618 1729 Terentius
637 1677 666 1728 et
680 1673 817 1729 Caecilius
836 1675 995 1730 comoedias
1014 1675 1101 1744 scrip-

83 1746 186 1797 serunt.
219 1745 322 1798 Latina
339 1745 472 1799 Atellana
491 1763 508 1799 a
526 1745 632 1800 Graeca
651 1745 773 1815 satyrica
792 1745 895 1812 differt,
915 1747 991 1814 quod
1009 1747 1038 1800 in
1058 1763 1100 1801 sa-

82 1815 175 1884 tyrica
199 1815 257 1869 fere
282 1818 440 1885 satyrorum
465 1833 601 1887 personae
626 1817 798 1871 inducuntur
823 1819 873 1871 aut
896 1818 921 1872 si
944 1821 1101 1886 quaesunt

82 1887 219 1941 ridiculae
243 1888 349 1942 similes
373 1889 488 1958 satyris,
512 1889 667 1959 Autolycus
688 1889 794 1942 Busiris
813 1889 843 1942 in
860 1889 994 1943 Atellana
1013 1889 1100 1943 Oscae

83 1975 227 2028 personae,
246 1963 279 2014 ut
297 1959 419 2015 Maccus.
445 1963 479 2030 cf.
494 1962 569 2016 Feet.
581 1979 610 2030 p.
625 1966 706 2028 352⁸,
721 1966 748 2015 8.
767 1962 849 2016 Paul.
865 1962 939 2016 Fest.
950 1979 980 2031 p.
995 1965 1060 2027 223,
1076 1967 1100 2015 6.

83 2031 209 2085 Euanth.
229 2032 261 2085 de
279 2032 336 2098 fab.
356 2033 460 2087 Donet.
481 2034 513 2088 de
532 2034 683 2088 comoedi
694 2051 723 2102 p.
738 2035 843 2087 13-31
859 2033 915 2087 We.
948 2034 1023 2087 Don.
1043 2035 1100 2087 Ter.

83 2103 190 2170 adelph.
206 2105 297 2172 praefi
313 2108 337 2157 7.
366 2105 464 2159 Gomon.
486 2105 566 2174 (tuq.
585 2107 617 2159 in
636 2105 706 2160 Hor.
726 2105 786 2158 ΑΡ
802 2108 868 2158 288.
894 2105 968 2176 Lyd.
983 2106 1016 2160 de
1029 2122 1100 2175 may.

81 2192 109 2243 p.
130 2175 166 2229 R.
186 2179 211 2240 1,
230 2179 273 2229 40.
311 2177 370 2230 alia
393 2177 425 2230 de
447 2178 585 2231 comoedia
603 2177 750 2232 Diomedes
772 2176 890 2230 tradidit
915 2179 953 2245 (p.
974 2181 1036 2243 491,
1053 2180 1101 2244 20)

83 2246 212 2300 Suetonio
231 2252 341 2301 duetore
359 2264 438 2315 usus,
464 2265 534 2316 quoe
551 2265 610 2303 unu
628 2265 689 2302 ιιιιιι
707 2248 894 2317 superioribus
912 2248 950 2302 ud
970 2248 1102 2302 Varronis

83 2319 273 2372 auewritotern
291 2321 414 2374 reuocari
428 2322 551 2388 possint;
569 2321 615 2374 sed
633 2326 706 2375 certa
724 2320 831 2374 indicio
849 2319 1048 2374 desiderantur.

83 2513 132 2567 Da
153 2513 441 2578 QUAESTIONIBUS
461 2515 644 2570 scaenicis

564 2652 629 2708 307

152 2763 238 2823 docet
269 2764 366 2823 Varro
398 2784 493 2841 neque
526 2767 558 2823 in
589 2765 646 2824 hac
679 2765 784 2825 fabula
822 2761 967 2846 [Heepro]
1005 2785 1101 2844 neque

83 2855 116 2912 in
144 2853 212 2911 aliis
241 2872 304 2913 esse
333 2854 516 2929 mirandum,
549 2855 629 2930 quod
657 2858 741 2914 actus
768 2857 898 2930 impares
929 2874 1102 2915 scaenarum

82 2944 322 3020 paginarumque
342 2945 402 3002 sint
425 2963 556 3019 numero,
579 2963 648 3002 cum
666 2946 739 3004 haec
757 2944 928 3004 distributio
947 2947 979 3003 in
1001 2966 1101 3005 rerum
1153 3017 1157 3021 ,

83 3032 291 3109 discriptione,
321 3052 381 3091 non
403 3035 436 3091 in
459 3053 582 3093 numero
604 3053 743 3093 versuum
771 3036 936 3094 constituta
959 3035 1012 3110 sit,
1041 3055 1101 3095 non

84 3120 166 3197 apud
190 3121 315 3182 Latinos
339 3121 435 3198 modo,
459 3123 678 3183 verumetiam
702 3124 783 3199 apud
807 3122 935 3184 Graecos
957 3126 1046 3200 ipsos.
1115 3147 1127 3186 s

156 3221 230 3275 Don.
244 3223 302 3275 Ter.
318 3222 371 3276 tec.
382 3223 473 3290 praes.
490 3226 515 3290 3,
527 3227 544 3276 6
562 3237 628 3277 uocet
642 3227 740 3276 autem⁴
752 3237 825 3277 vmo
839 3255 866 3262 -
878 3237 944 3286 ipsos.
977 3225 1011 3290 cf.
1025 3225 1100 3279 Don.

83 3292 164 3346 andr.
192 3293 280 3360 praes.
306 3296 334 3359 2,
353 3297 377 3346 3.
407 3298 431 3359 3,
452 3299 485 3361 6;
512 3311 573 3348 eun.
598 3300 623 3362 1,
644 3295 695 3361 5l;
723 3295 828 3362 udelpt.
853 3300 878 3361 1,
897 3295 941 3349 4¹³.
978 3296 1101 3352 Seteide-

82 3365 194 3430 rnontel,
209 3370 310 3432 quaest.
326 3365 450 3420 Euantt.
462 3385 492 3435 p.
504 3369 540 3420 32
559 3367 623 3421 adn.
635 3371 659 3419 1.
693 3367 758 3433 Leo,
772 3367 816 3422 Pl.
831 3367 867 3421 F.
879 3384 908 3436 p.
919 3371 1017 3435 209sq.
1037 3368 1102 3422 haee

82 3436 185 3490 rectius
207 3436 245 3489 od
267 3437 351 3490 libros
374 3437 417 3491 De
440 3439 594 3492 actionibus
618 3455 720 3505 scaen,
749 3455 828 3506 pisan
854 3439 898 3492 De
921 3440 990 3494 detis
1011 3455 1100 3493 scaen.

82 3507 195 3574 referas.
237 3526 255 3562 a
280 3509 401 3562 Varrone
428 3510 491 3563 item
515 3510 704 3577 praefationes
726 3510 886 3564 Donatiani
913 3511 1101 3564 consuentorii

83 3578 122 3633 od
145 3580 298 3633 Terentium
316 3580 456 3636 derivatae
473 3581 617 3650 ridentur,¹
643 3581 680 3650 cf.
701 3582 768 3650 Leo,
787 3581 844 3636 Rh.
859 3583 940 3636 Mae.
953 3584 993 3633 38
1016 3580 1123 3645 traam

66 3665 100 3714 p.
117 3652 179 3702 327,
208 3650 326 3705 Herrnes
340 3655 381 3706 24
399 3655 496 3726 (1889)
511 3673 544 3727 p.
560 3659 607 3713 71.

867 3741 928 3786 aa*
