2400 3824
16 150 19 156 ·
117 185 183 249 238
266 183 472 240 Grammaticac
491 185 595 239 aetatis
615 184 806 241 varronianae
823 183 985 255 fragmenta

426 382 428 386 Α
544 357 606 410 141
633 347 704 431 [37]

183 469 199 526 l.
221 467 310 527 XVI.
353 468 495 527 Venilia
523 469 619 528 unda
646 471 700 528 ast
729 486 817 543 quae
841 467 883 526 ad
910 467 1000 526 litus
1024 469 1129 540 venit,

116 557 260 616 Salacia
288 577 378 634 quac
401 559 437 615 in
461 558 574 616 salum
598 557 701 616 redit.

188 659 306 726 44149761.
317 649 386 711 ibid.
395 660 421 721 7,
435 660 474 710 22
487 670 578 710 Venilia
593 655 686 722 inquit
701 655 807 726 [Varro
837 670 899 709 unda
912 687 939 695 —
952 669 1019 709 radit.
1050 654 1132 708 Varro

116 729 149 781 dc
167 729 184 780 l.
204 728 238 781 L.
259 732 289 793 6,
309 730 345 781 72
373 726 485 780 Salacia
506 727 635 796 Neptuni
658 725 694 779 ab
719 725 792 794 salo,
842 725 934 780 enelia
956 742 974 780 a
996 725 1131 780 veniendo

116 815 149 852 ac
164 802 255 852 vento.
270 800 304 865 cs.
316 798 346 852 F
345 805 390 854 est.
401 815 431 868 p.
443 802 523 865 326⁸,
538 803 581 852 16.
598 799 672 853 Seru.
682 800 751 851 Aen.
768 802 793 864 1,
809 802 868 852 144.
884 797 923 852 td.
938 797 1018 852 Dan.
1034 801 1077 866 10,
1092 801 1131 853 76.

493 969 558 1026 142
586 961 684 1045 [xiv
703 959 758 1045 51]

182 1081 342 1140 Afferenda
365 1085 410 1140 est
434 1082 470 1140 ab
495 1082 651 1140 afferendis
675 1080 805 1143 dotibus

191 1181 259 1234 l'ert.
275 1182 313 1234 ad
326 1184 466 1246 11111211
486 1194 529 1234 nn.
539 1213 566 1219 -
575 1195 670 1234 contus.
689 1181 721 1234 de
734 1181 810 1247 fonte
825 1179 995 1235 Tertulliani
1008 1181 1044 1246 cf.
1057 1196 1132 1248 prac-

114 1254 205 1306 sertim·
224 1253 289 1306 itia.
304 1257 332 1318 2,
347 1257 370 1304 1.

510 1413 578 1469 143*
599 1404 738 1489 [37⁰sq.]

182 1530 364 1585 vocaverunt
382 1527 467 1586 dcam
483 1527 663 1603 Agenoriam
678 1545 754 1601 quae
769 1525 805 1584 ad
821 1525 970 1602 agendum
983 1519 1135 1598 excitarat,

116 1615 202 1672 dcam
222 1616 381 1674 Stimulam
401 1634 476 1692 quac
496 1614 534 1673 ad
554 1615 700 1692 agendum
717 1615 798 1673 ultra
817 1614 937 1673 modum
956 1614 1134 1687 stimularet,

115 1704 201 1762 dcam
240 1705 386 1764 Murciam
427 1724 504 1780 quae
541 1709 658 1780 praeter
689 1704 810 1763 modum
843 1723 903 1762 non
934 1707 1070 1762 moveret
1103 1721 1135 1761 ac

115 1794 226 1852 facerat
244 1794 403 1869 hominem,
422 1798 457 1852 ut
480 1797 523 1852 ait
541 1792 723 1868 Pomponius
744 1786 783 1871 [v.
805 1792 870 1851 195
883 1783 1008 1871 Rtbt.³],
1027 1793 1135 1851 murci-

115 1883 186 1941 dum
215 1883 246 1940 id
270 1887 316 1943 cst
343 1885 432 1942 nimis
460 1882 641 1941 desidiosum
665 1884 695 1939 et
718 1883 914 1955 inactuosum,
943 1881 1030 1938 deam
1055 1881 1135 1940 Stra·

114 1973 196 2030 niam
215 1991 293 2047 quae
316 1974 427 2032 faceret
450 1975 611 2046 strenuum,
630 2003 674 2012 —
694 1969 830 2040 Quietem
852 1989 922 2028 varo
947 1970 1134 2045 appellantes

115 2079 190 2136 quac
214 2062 325 2120 faceret
348 2064 490 2136 quietum.

186 2161 303 2229 Aapuat.
315 2161 363 2213 cia.
374 2161 400 2212 d.
416 2164 441 2226 4,
453 2163 488 2212 16
501 2176 674 2213 vocaverunt·
684 2171 789 2220 quletum.
820 2157 855 2223 cf.
870 2157 936 2211 ibid.
951 2161 1033 2223 4,11.
1066 2160 1134 2212 Tert.

114 2231 152 2284 ad
165 2237 223 2283 nat.
237 2236 265 2297 2,
280 2235 322 2283 11.
341 2231 414 2285 Serv.
429 2231 505 2284 Dan.
517 2231 585 2283 Aen.
596 2234 622 2295 8,
631 2233 691 2283 636.
712 2229 816 2283 Aruob.
827 2233 852 2294 4,
863 2231 888 2281 9.
908 2227 982 2283 Non.
993 2247 1024 2298 p.
1035 2234 1083 2298 16,
1092 2234 1134 2284 32,

115 2302 147 2355 de
170 2301 293 2356 Varrone
312 2303 464 2371 Appustiai
487 2306 596 2355 amore
618 2301 651 2353 ta
671 2301 835 2370 fraymentcs
856 2317 924 2368 puae
946 2307 1078 2355 sectantur
1100 2303 1133 2368 ct.

114 2375 163 2428 civ.
179 2373 205 2426 d.
226 2377 290 2438 4,1.
309 2377 354 2427 27.
375 2377 401 2439 6,
416 2376 440 2426 3.
461 2377 485 2426 4.
502 2377 571 2426 6...9.
592 2376 656 2438 7,1.
676 2375 702 2425 2.
723 2374 747 2424 3.
768 2375 793 2424 5.
813 2374 855 2425 13.
875 2374 919 2424 17.
938 2375 976 2426 23
994 2378 1041 2426 etc.

482 2543 545 2597 144
571 2533 648 2618 [20⁶.
683 2533 761 2617 103]

182 2677 260 2715 nam
299 2656 394 2714 sicut
431 2655 519 2713 Aius
562 2656 646 2714 daus
688 2655 897 2730 appellatus
934 2673 1070 2729 araque
1104 2654 1134 2713 ei

115 2748 255 2804 statuta
278 2749 345 2818 cst,
368 2763 458 2820 quac
482 2748 536 2803 cst
558 2746 688 2802 infima
711 2762 803 2803 nova
824 2745 896 2817 via,
920 2742 1016 2817 quod
1034 2761 1075 2802 co
1099 2745 1134 2801 in

115 2835 192 2892 loco
217 2833 396 2893 divinitus
421 2852 485 2892 vox
509 2833 607 2891 edita
631 2836 722 2906 crat,
749 2833 803 2890 ita
825 2832 1024 2891 Vaticanus
1049 2831 1134 2892 deus

115 2925 337 2996 nominatus,
378 2941 485 2998 penes
523 2942 624 2996 quem
649 2924 782 2981 assent
817 2923 916 2979 vocis
957 2921 1133 2980 humanas

88 3012 237 3083 sinilia,
272 3012 440 3085 quoniam
473 3013 589 3086 pueri,
627 3011 733 3068 simul
765 3013 873 3086 atque
904 3011 1004 3084 parti
1036 3015 1133 3084 sunt,

114 3119 189 3158 cam
209 3101 358 3175 primam
377 3118 496 3159 vocem
516 3099 638 3173 edunt,
663 3117 753 3174 quac
771 3099 886 3174 prima
904 3099 940 3155 in
956 3097 1132 3176 Vaticano

115 3188 310 3268 syllabast3
343 3188 551 3264 idcircoque
583 3190 707 3265 vagire
738 3187 874 3246 dicitur
910 3188 1132 3262 exprimente

113 3277 221 3338 verbo
245 3296 366 3336 sonum
391 3278 488 3336 vocis
512 3279 677 3336 recentis.

186 3376 253 3432 seu.
273 3381 323 3444 16,
343 3379 379 3430 17
402 3377 431 3430 ct
454 3391 552 3446 agrum
571 3375 742 3429 Vaticanum
766 3375 795 3427 et
818 3373 943 3428 ciusdem
966 3375 1029 3445 agri
1048 3375 1131 3428 deum

94 3448 263 3514 praesidem
283 3448 467 3522 appellatum
486 3463 687 3519 acccpctamus
703 3462 723 3499 a
736 3445 893 3511 vaticiniis,
906 3460 979 3510 quac
996 3446 1028 3500 vi
1046 3449 1131 3514 atquo

83 3517 234 3578 instinctu
259 3524 326 3581 cius
352 3525 403 3582 dei
425 3525 458 3581 in
486 3542 519 3582 co
546 3539 618 3596 agro
641 3519 707 3574 licui
723 3517 812 3571 sulita
828 3515 935 3592 assant..
962 3515 1017 3565 sau
1027 3518 1139 3592 pm

69 3586 154 3647 hane
182 3612 312 3656 causam
338 3600 382 3658 M.
397 3600 494 3659 Varro
521 3600 557 3656 in
581 3595 672 3653 libtis
693 3589 862 3644 munuum
881 3581 972 3634 aim
991 3580 1160 3631 sanamus·
