2400 3824
133 180 199 245 388
281 180 487 235 Grammaticae
506 181 608 234 aetatis
627 180 818 234 Varronianae
837 180 999 251 fragmenta

133 349 282 409 consulari
319 353 445 425 utroque
481 368 514 407 ac
550 353 647 424 poeta.
693 349 760 408 ideo
798 350 896 425 ipsum
932 370 993 410 non
1031 353 1159 410 iuvenes

133 438 288 516 designare
322 439 375 513 qui
407 457 438 497 se
470 438 612 497 adiuvare
645 438 793 511 dicantur,
825 439 876 497 sed
909 439 990 499 viros
1024 460 1159 516 quorum

133 546 254 603 operam
278 530 308 586 et
335 529 365 585 in
393 527 472 585 bello
496 528 580 586 etin
604 529 666 586 otio
690 531 720 586 et
747 530 778 584 in
806 528 926 604 negotio
955 529 1090 603 populus
1121 531 1160 588 sit

135 620 281 692 expertus,

205 715 278 770 Soet.
297 717 344 769 eit.
367 717 425 769 Ter.
440 733 470 784 p.
487 715 567 768 31R.
601 729 681 768 santra
694 747 721 754 -
735 733 847 776 expertus.
879 718 914 783 cs.
931 717 1022 772 Varro
1041 718 1079 783 fr.
1096 722 1158 772 301.

133 787 227 855 Nepos
244 787 280 852 fr.
298 792 338 840 11.
372 787 405 840 de
423 787 597 841 collocatione
614 787 657 840 od.
679 793 734 840 test.
751 791 776 840 6.

207 900 220 946 1
242 892 343 946 Santra
362 893 509 946 Erasmus:
535 895 611 945 satra
634 895 735 963 (sacra)
845 893 943 948 3fuei
963 896 1059 950 Puris.
1080 897 1158 949 tuere

133 966 191 1019 rell.
210 964 315 1017 fuerint
335 965 442 1019 Ri'tsctl
504 970 520 1016 4
536 967 565 1016 et
579 981 633 1030 quo
648 963 761 1018 consule
777 964 1033 1037 <Megalens>ibus
1049 968 1158 1022 Ritscltl

135 1043 151 1089 5
171 1035 279 1104 popillo
298 1037 388 1090 Pario.
409 1034 516 1104 popilio
536 1038 652 1103 (pomp)
671 1036 743 1088 rell:
762 1054 811 1090 cm.
827 1039 956 1091 Mincius
1022 1043 1037 1089 'l
1059 1037 1158 1092 dicun·

133 1110 180 1160 tur
198 1108 238 1161 ccl
257 1107 355 1161 dicunt
372 1107 463 1161 codd:
482 1124 529 1160 cm.
547 1107 653 1160 ersctl
809 1103 838 1159 δ

554 1243 594 1296 14
641 1240 718 1299 dccet

201 1347 289 1404 huius
319 1340 431 1424 [Curtii
452 1339 569 1424 Motae]
599 1233 641 1404 di
663 1234 779 1405 Lucilio
808 1347 899 1407 libros
928 1349 1021 1406 etiam
1046 1348 1155 1407 Santra

136 1434 318 1511 comprobat.

206 1535 278 1588 Suet.
291 1535 324 1588 de
336 1551 450 1604 promer.
461 1537 495 1586 14
509 1548 577 1588 nurus
585 1567 612 1573 —
621 1550 758 1597 comprobet.
778 1535 810 1589 dc
818 1535 994 1590 collocatione
1002 1536 1049 1590 ed.
1060 1543 1118 1591 test.
1129 1541 1153 1590 6.

207 1647 220 1693 1
234 1639 334 1694 Santra
343 1641 402 1695 cdd.
413 1642 514 1708 santya
524 1643 629 1709 (satyra
638 1644 683 1708 ss.)
692 1642 806 1696 Vindol.
820 1643 916 1695 satine
930 1643 972 1696 ccl
981 1624 1085 1711 ⁴satyro
1099 1643 1155 1696 cell.

586 1774 626 1832 15
651 1768 699 1853 [1]

202 1883 232 1938 et
265 1882 389 1956 antiqua
422 1880 541 1955 quidem
572 1881 627 1939 illa
659 1881 767 1940 divisio
801 1883 880 1940 inter
909 1879 1031 1941 Atticos
1065 1885 1154 1958 atque

135 1969 264 2028 Asianos
290 1969 358 2043 fuit
389 1988 455 2027 cum
478 1970 510 2027 hi
537 1971 631 2045 pressi
655 1973 684 2028 et
706 1972 825 2048 integri,
856 1974 960 2029 contra
983 1971 1086 2030 inflati
1109 1971 1155 2030 illi

136 2062 167 2117 et
189 2059 291 2117 inanes
314 2057 502 2132 haberentur,
530 2060 562 2116 in
585 2060 630 2117 his
654 2060 729 2116 nihil
758 2060 961 2134 superflueret,
991 2060 1055 2119 illis
1080 2061 1155 2119 iudi·

136 2150 216 2206 cium
244 2148 371 2205 maxime
395 2165 430 2206 ac
452 2147 557 2205 modus
586 2148 706 2206 deesset.
754 2147 834 2223 quod
863 2148 995 2224 quidam,
1027 2169 1154 2225 quorum

104 2247 121 2290 -o
137 2239 167 2295 et
184 2235 293 2294 Santra
312 2239 366 2309 est,
384 2236 440 2294 hoc
458 2239 567 2311 putant
586 2236 735 2309 accidisse,
754 2238 833 2312 quod
852 2238 1002 2313 paulatim
1021 2257 1154 2298 sermone

138 2324 250 2384 Graeco
269 2327 301 2382 in
324 2327 473 2400 proximas
492 2326 581 2384 Asiae
606 2327 742 2384 civitates
764 2327 906 2386 influente
924 2327 1060 2386 nondum
1084 2330 1154 2386 satis

131 2413 227 2490 periti
255 2414 397 2489 loquendi
424 2415 593 2472 facundiam
622 2417 838 2491 concupierint,
867 2416 993 2491 ideoque
1019 2435 1055 2476 ea
1080 2435 1154 2493 quae

136 2503 256 2580 proprie
285 2503 398 2581 signari
426 2507 566 2579 poterant
597 2504 724 2562 circuitu
753 2507 904 2580 coeperint
933 2508 1094 2564 enuntiare
1122 2525 1154 2564 ac

124 2592 243 2655 ‚deinde
265 2594 490 2668 perseverarint.
568 2617 575 2630 ·

212 2690 363 2760 Quint12,
379 2695 474 2756 10,16
492 2706 621 2754 etantiqua
639 2723 665 2730 -
683 2706 853 2754 perseverarint.
889 2691 961 2746 mihi
979 2695 1079 2747 &uilem
1097 2711 1154 2748 018·

137 2761 223 2816 tionis
243 2760 431 2815 differentiam
449 2761 549 2815 fecisse
568 2766 596 2815 et
615 2762 769 2816 dicentium
792 2765 824 2816 et
840 2763 1016 2817 audientium
1036 2768 1154 2818 naturae

138 2831 281 2899 videntur,
311 2833 385 2900 quod
409 2832 498 2886 Attici
521 2833 614 2886 limati
637 2832 753 2900 quidam
776 2836 806 2887 et
829 2835 951 2888 emuncti
974 2834 1049 2888 nihil
1073 2836 1155 2890 inane

139 2906 189 2957 aut
210 2903 370 2957 redundans
392 2903 533 2972 ferebant,
561 2905 667 2958 Asiana
710 2922 758 2958 ens
780 2905 916 2959 tumidior
939 2905 1048 2975 alioqui
1072 2909 1155 2975 atque

138 2975 289 3098 iactantior
307 2975 421 3029 vaniore
440 2975 526 3028 etiem
545 2975 657 3029 dicendi
676 2923 767 3045 gioria
785 2975 883 3030 inflata
902 2979 953 3032 ost.
990 2979 1024 3032 cle
1043 2980 1155 3034 colloco-

138 3046 211 3100 tione
228 3063 244 3099 o
266 3087 271 3099 .
290 3052 346 3101 teet.
363 3051 388 3100 6.

573 3241 718 3296 FALSUM

590 3379 630 3433 16
671 3378 690 3435 9
1117 3424 1120 3429 .
1194 3364 1196 3397 ¹

182 3482 266 3567 'orbi
292 3504 352 3563 pro
376 3483 448 3546 orbe
473 3451 647 3546 Ciceronem
655 3369 704 3542 [dvi
722 3503 755 3542 re
777 3484 896 3560 publica
925 3484 1003 3544 h'bro
1027 3485 1057 3546 V
1084 3483 1161 3548 ‘orbi

113 3569 275 3638 terrarum
303 3573 562 3660 conprehensos',
584 3575 640 3637 sed
662 3577 694 3637 et
709 3573 855 3650 Yuptium
868 3571 1026 3633 muttum
1039 3575 1080 3634 de
1099 3580 1163 3637 vite
