2400 3824
436 179 471 231 M.
491 178 637 234 Terentius
656 178 744 231 Varro
1031 177 1096 240 313

79 350 294 428 adaggeratam
317 349 396 424 Nilo,
427 349 452 407 si
476 347 595 425 quidem
619 367 637 406 a
660 347 757 406 Pharo
784 345 891 419 insula,
919 365 995 422 quae
1018 365 1096 406 nunc

78 437 278 498 Alexandriae
306 440 396 513 ponte
418 439 563 516 iungitur,
591 437 686 496 noctis
710 436 829 511 dieique
851 435 967 495 velifico
995 435 1096 514 navigi

79 547 169 588 cursu
201 530 313 586 terram
348 528 457 586 afuisse
494 526 635 604 prodidit.
681 545 749 585 mox
782 525 981 584 aemulatione
1018 526 1096 584 circa

78 617 275 677 bibliothecas
311 636 415 694 regum
451 615 616 676 Ptolemaei
653 619 683 674 et
715 615 857 674 Eumenis
894 615 1097 691 supprimente

78 708 198 766 chartas
220 705 392 766 Ptolemaeo
415 705 494 764 idem
512 705 609 765 Varro
632 705 820 764 membranas
841 703 980 782 Pergami
1002 703 1097 762 tradit
1112 727 1137 767 15

78 799 221 874 repertae.
262 798 368 873 postea
390 797 556 870 promiscue
579 796 712 871 repatuit
734 812 805 854 usus
828 794 880 852 rei'
896 813 956 869 qua
979 795 1097 852 constat

77 885 281 946 inmortalitas
304 885 465 944 hominum.

151 1020 225 1074 Plio.
234 1038 262 1073 n.
272 1021 297 1073 h.
309 1023 352 1086 13,
363 1022 399 1074 68
412 1018 491 1088 prius
505 1021 599 1073 tamen
614 1035 700 1087 quam
710 1015 902 1086 digrediamur
912 1017 948 1071 ab
958 1017 1096 1088 Aegypto,

78 1092 107 1145 et
126 1090 227 1160 papyri
245 1093 347 1144 natura
366 1088 487 1157 dicetur,
512 1107 575 1144 oum
594 1091 707 1144 chartae
726 1106 779 1142 usu
797 1086 917 1143 maxime
936 1087 1097 1142 humanitas

77 1161 155 1216 vitae
179 1164 295 1228 constet,
320 1163 395 1216 certe
418 1161 560 1216 memoria.
597 1179 620 1216 ec
637 1176 696 1216 usne
714 1193 741 1200 —
759 1174 882 1215 hominum.
918 1162 953 1228 cf.
974 1161 1045 1231 [lyd.
1065 1161 1097 1215 dc

77 1251 161 1288 neena
186 1238 329 1301 p.14,11
354 1234 396 1287 W.
420 1234 536 1288 Hieron.
555 1251 595 1303 ep.
619 1234 657 1287 cd
681 1233 817 1288 Obruerat.
838 1232 903 1286 VII.
948 1232 1020 1288 Suet.
1038 1233 1095 1287 rell.

72 1323 104 1375 p.
121 1309 175 1360 130
189 1306 224 1360 R.
241 1307 284 1372 (=
300 1305 369 1359 Isid.
384 1321 422 1359 or.
439 1309 464 1371 6,
479 1309 504 1359 9.
524 1309 567 1359 10.
588 1310 630 1360 11.
650 1306 696 1373 12>
720 1320 846 1358 cerarum
865 1302 990 1357 studium
1013 1303 1097 1372 primi

78 1375 179 1430 Graeci
204 1376 354 1430 tradidisse
378 1376 542 1445 produntur.
581 1376 680 1430 Graeci
704 1377 800 1428 autem
822 1375 851 1428 et
869 1373 953 1428 Tusci
975 1374 1097 1443 primum

77 1448 152 1502 ferro
166 1447 196 1501 in
211 1446 281 1502 ceris
296 1447 474 1517 scripserunt,
488 1449 587 1516 postea
600 1447 720 1502 Romani
733 1446 884 1512 iusserunt,
898 1464 933 1499 ne
947 1444 1097 1516 graphium

79 1519 202 1572 ferreum
221 1519 284 1586 quis
303 1518 432 1584 haberet3
452 1519 526 1572 unde
546 1520 574 1573 et
592 1520 668 1588 apud
687 1518 793 1572 scribas
813 1517 971 1572 dicebatur:
993 1518 1096 1571 ‘ceram

78 1591 152 1644 ferro
167 1607 202 1643 ne
217 1589 349 1644 caedito'.
382 1591 482 1659 postea
496 1590 659 1644 institutum
674 1592 723 1654 est,
739 1589 814 1643 utin
829 1605 893 1643 cera
907 1587 1016 1643 ossibus
1031 1589 1097 1642 scri-

77 1661 187 1729 berent,
201 1660 275 1716 sicut
289 1661 397 1715 indicat
406 1663 474 1715 Atta
485 1660 515 1714 in
527 1664 623 1716 satura
633 1662 729 1716 dicens
743 1661 887 1732 [SRPII
898 1660 1096 1732 o.121tibt.³]:

79 1734 234 1786 ‘vertamus
261 1749 409 1800 vomerem,
430 1732 445 1805 s
464 1732 494 1785 in
522 1749 585 1788 cera
617 1748 748 1787 mucrone
781 1747 870 1800 aeque
898 1732 1097 1802 [mucroneque

77 1805 171 1860 codd:
199 1823 246 1859 cm.
271 1805 351 1860 Rrec.
375 1820 507 1858 mucrone
531 1820 675 1858 exaremus
696 1821 776 1873 prop.
801 1803 959 1874 Buecheler]
987 1819 1096 1856 aremus

77 1877 179 1931 osseo’.
226 1875 377 1946 graphium
405 1877 500 1928 autem
525 1892 634 1946 paese,
662 1874 750 1929 latine
778 1874 957 1944 scriptorium
984 1874 1096 1928 dicitur.

76 1964 144 2000 nam
160 1947 255 2016 γραφὴ
269 1948 410 2015 scriptura
424 1950 474 2000 est.
493 1979 527 1988 -
547 1946 707 2001 chartarum
721 1963 802 2000 usum
815 1945 938 2014 primum
951 1945 1097 2015 Aegyptus

76 2017 258 2083 ministravit,
277 2020 408 2087 coeptum
428 2019 504 2086 apud
522 2017 736 2087 Memphiticam
753 2016 859 2070 urbem.
879 2049 913 2056 —
932 2017 1097 2087 Pergameni

75 2107 159 2160 reges
178 2107 242 2144 curn
262 2090 360 2144 charta
373 2089 534 2159 indigerent
547 2089 710 2144 membrana
723 2088 844 2158 primum
859 2089 1096 2159 excogitaverunt.

77 2194 112 2202 —
142 2162 282 2230 quaedam
310 2177 414 2231 genera
441 2161 577 2215 librorum
605 2161 687 2215 certis
715 2159 837 2214 modulis
866 2159 1097 2225 conficiebantur3

76 2232 201 2287 breviori
215 2233 305 2287 forma
320 2231 445 2287 carmina
460 2235 545 2300 atque
559 2231 707 2302 epistulae,
727 2234 757 2286 at
770 2247 834 2286 vero
848 2231 984 2285 historiae
997 2230 1098 2285 maiori

77 2303 193 2358 modulo
217 2303 424 2371 scribebantur3
448 2305 477 2357 et
499 2321 555 2358 non
579 2303 669 2358 solum
692 2304 722 2357 in
746 2304 845 2356 charta
868 2304 896 2356 et
918 2301 1097 2370 membranis,

79 2377 130 2429 sed
151 2375 235 2429 etiam
255 2375 284 2428 in
304 2374 424 2429 omentis
439 2375 600 2446 [momentis
617 2376 670 2431 Ga.
687 2376 715 2446 1]
735 2372 924 2443 elephantinis
938 2373 1098 2427 textilibus-

79 2465 134 2516 que
154 2446 310 2501 malvarum
329 2445 406 2501 foliis
426 2449 510 2514 atque
529 2446 696 2515 palmarum.
716 2477 750 2487 -·
769 2444 932 2499 circumcidi
950 2444 1037 2498 libros
1056 2444 1098 2498 Si-

77 2518 162 2573 ciliae
188 2517 309 2587 primum
335 2517 487 2583 increbuit3
514 2535 579 2571 nam
605 2518 687 2571 initio
713 2516 937 2586 pumicabantur.
958 2548 990 2556 —
1011 2517 1098 2570 codex

76 2589 231 2644 multorum
251 2589 387 2643 librorum
406 2590 462 2655 est,
481 2588 553 2642 liber
572 2589 654 2642 unius
673 2588 830 2643 voluminis.
860 2589 888 2640 et
903 2587 996 2641 dictus
1011 2588 1098 2642 codex

76 2679 128 2731 per
147 2660 362 2716 translationem
381 2677 398 2714 a
416 2659 579 2714 caudicibus
599 2660 699 2731 [codic.
732 2660 823 2714 codd:
841 2677 889 2712 em.
904 2659 998 2730 Arca]
1018 2658 1098 2713 arbo-

76 2751 141 2787 rum
160 2751 210 2786 seu
228 2733 329 2787 vitium
348 2731 442 2802 [quasi
457 2731 584 2803 caudexl,
603 2733 678 2800 quod
697 2731 727 2784 in
742 2747 771 2783 se
785 2729 997 2784 multitudinem
1011 2729 1098 2784 libro-

76 2823 140 2858 rum
159 2805 241 2873 quasi
260 2820 400 2858 ramorum
420 2802 571 2858 contineat.
610 2801 738 2856 volumen
761 2801 833 2854 liber
856 2803 898 2855 ost
921 2817 939 2854 a
961 2800 1097 2856 volvendo

77 2875 182 2930 dictus.
210 2875 283 2930 liber
297 2877 340 2929 est
353 2874 470 2929 interior
482 2873 580 2928 tunica
594 2874 714 2941 corticis,
729 2889 802 2942 quae
815 2872 893 2942 ligno
909 2873 1047 2927 cohaeret.
1061 2906 1097 2912 —

76 2948 154 3002 unde
173 2949 202 3000 et
221 2946 293 3000 liber
312 2946 423 3012 dicitnr,
442 2947 472 2999 in
491 2963 547 3013 quo
566 2945 727 3011 scribimus3
749 2945 817 3013 quia
836 2947 899 2997 ante
918 2962 1000 2998 usum
1019 2945 1098 2998 char·

76 3021 124 3074 tae
148 3018 193 3072 vel
216 3017 440 3072 membranorum
462 3017 574 3141 garum
598 3019 710 3072 Monac.
732 3017 785 3072 Ga.
802 3016 829 3086 1]
854 3016 888 3070 de
912 3015 992 3069 libris
1018 3015 1097 3070 arbo-

75 3108 140 3144 rum
159 3089 302 3143 volumino
325 3088 432 3143 fiebant
450 3088 459 3141 i
499 3092 542 3142 est
560 3087 841 3159 compaginabantur.
874 3087 949 3141 unde
968 3090 997 3141 et
1011 3087 1098 3157 scrip-

75 3164 153 3217 tores
182 3179 199 3214 a
227 3161 307 3215 libris
337 3159 467 3214 arborum
493 3159 623 3214 librarios
651 3161 827 3214 vocaverunt.
873 3157 1003 3213 librarios
1031 3161 1098 3214 ante

75 3231 250 3302 bibliopolae
270 3232 374 3297 dictos3
392 3230 496 3285 librum
515 3229 590 3284 enim
605 3229 704 3284 Graeci
722 3227 828 3302 βιβλίον
842 3231 951 3284 vocant.
989 3229 1098 3284 librarii

76 3307 174 3359 autem
192 3303 269 3358 idem
288 3303 330 3374 [id
349 3305 392 3357 est
407 3303 519 3356 Monac.
534 3320 590 3371 oo.-
608 3319 656 3357 em.
673 3303 767 3373 Rciffi]
787 3303 815 3356 et
831 3300 985 3370 antiquarii
1000 3318 1099 3356 vocan-

76 3379 131 3430 tur.
170 3375 221 3431 sed
239 3374 350 3428 librarii
369 3375 435 3428 sunt
453 3373 502 3441 qui
520 3390 593 3427 nova
614 3373 740 3426 scribunt
763 3375 793 3426 et
815 3374 922 3439 vetera,
946 3372 1099 3441 antiquarii

76 3448 126 3519 qui
145 3450 258 3503 tantum
277 3446 361 3500 modo
381 3447 488 3512 vetera,
512 3445 587 3498 unde
606 3446 635 3497 et
652 3462 753 3498 nomen
773 3446 960 3513 sumpserunt.
997 3444 1099 3498 ascri-

75 3519 170 3576 bendo
190 3521 286 3573 autem
305 3517 398 3584 scriba
415 3531 516 3571 nomen
535 3516 646 3584 accepit
660 3515 784 3570 officium
798 3515 956 3585 exprimens
971 3515 1106 3568 vocabuli

75 3591 224 3663 qualitate.
261 3590 450 3646 instrumenta
475 3591 542 3645 sunt
568 3587 713 3647 scribendi
740 3588 871 3648 calamus
897 3589 928 3645 et
943 3602 1063 3660 penus,
1084 3599 1125 3639 ex
