2400 3824
133 183 197 247 160
279 183 485 238 Grammaticus
504 184 606 238 aetatis
626 183 819 239 Varronianae
838 184 998 254 fragmenta

203 350 244 398 14.
269 344 341 398 Soet.
361 345 433 414 Αιιμ.
453 349 489 398 94
519 361 574 412 quo
599 346 683 397 natus
710 347 753 398 est
778 345 824 398 die
851 344 1059 416 [Maaiaausp
1085 360 1142 397 cum

130 417 166 469 de
177 414 315 469 Catilinae
329 415 522 469 coniuratione
537 417 667 485 ageretur
680 415 710 468 in
725 415 804 470 curia
816 418 845 470 et
855 415 988 470 Octavius
1004 416 1040 470 ob
1055 415 1142 470 uxoris

130 487 310 556 puerperium
325 487 413 540 scrius
428 486 573 551 adfuisset,
589 488 656 539 nota
671 502 704 540 ac
714 487 830 557 vulgata
843 504 896 559 res·
903 489 946 541 est
960 488 990 540 P.
1001 486 1143 558 Nigidium

129 561 389 682 fciompertadmorae
409 575 500 682 capsa,
519 560 551 610 ut
565 557 664 682 horagm
682 575 793 682 qutirque
811 561 910 628 partus
929 560 1083 628 acceperit,
1101 559 1143 612 ad·

150 646 254 683 rmasse
294 647 419 683 om1num
451 645 575 683 arrarum
594 646 625 682 or
645 647 655 682 1
673 646 711 682 na
744 647 781 683 m.

203 723 245 773 15.
267 719 340 773 Ocea.
352 720 410 773 Dio
420 723 523 784 45,1,3
537 717 599 786 ἄρτι
614 738 642 772 τε
657 717 752 780 ὀπαῖς
767 719 961 810 [Octavianus]
978 718 1144 789 ἐγεγέννητο,

131 789 180 842 καί
194 787 327 859 Νιγίδιος
343 787 478 858 Φίγονίος
492 789 642 861 βουλευτὴς
655 808 734 854 παρα
753 798 827 860 ρῆμα
842 791 917 844 αὐτῶ
927 810 979 859 την
994 791 1085 858 αότοιρ
1103 788 1145 844 ίαν

131 860 329 928 ἐμαντεύσατο·
357 860 457 928 ἄριστα
480 861 533 931 γάρ
557 869 612 914 τῶν
636 858 708 915 καθ’
730 811 830 916 ἐαυτὸν
859 847 911 928 τήν
934 882 963 916 τε
987 871 1039 916 τοῦ
1062 811 1144 916 πόίον

131 931 316 1001 διακόσμησιν
330 933 379 986 καί
393 932 442 996 τὰς
456 941 512 986 τῶν
525 931 649 998 ἀστέρων
664 931 815 1000 διαφοράς,
833 931 885 987 όσα
899 951 928 986 τε
943 930 1015 987 καθ’
1034 931 1145 994 ἑαυτοὺς

131 1001 292 1074 γιγνόμενοι
314 1004 363 1058 καί
387 1001 439 1058 ὅσα
463 1004 664 1073 σομμιγνιίντες
689 1002 816 1070 ἀίίήίοις
838 1004 869 1058 ἐν
892 1023 921 1056 τε
944 1013 1007 1068 ταῖς
1031 1001 1146 1072 ὁμιλίαις

31 1102 33 1107 ·
131 1076 180 1128 καί
197 1074 227 1128 ἐν
241 1084 302 1138 ταῖς
316 1074 494 1129 διαστάσεσιν
512 1075 686 1140 ἀποτελοῦσι,
711 1074 811 1143 διέγνω
830 1075 879 1128 καί
903 1075 975 1129 κατὰ
999 1084 1084 1130 τοῦτο
1103 1074 1147 1128 καί

132 1143 227 1199 αἰτίαν
246 1145 283 1208 ὥς
301 1166 380 1207 τινας
399 1147 576 1216 ἀπορρήτους
594 1145 741 1216 διατριβὰς
759 1146 928 1215 ποιούμενος
947 1146 1034 1216 ἐσγεν.
1072 1142 1147 1206 οὗτος

132 1213 184 1271 οάν
198 1214 259 1270 τότε
278 1217 328 1271 τὸν
340 1215 502 1272 Ὀκταούϊον
522 1218 694 1290 βραδύτερον
713 1215 741 1278 ἐς
760 1217 791 1271 τὸ
806 1215 955 1285 συνέδριον
970 1217 1020 1272 διὰ
1037 1215 1088 1273 τὸν
1102 1225 1146 1273 τοῦ

131 1288 235 1349 παιδὸς
253 1287 337 1343 τόκον
357 1289 446 1361 (ἔτυχε
461 1288 514 1359 γὰρ
529 1288 614 1360 βουλὴ
632 1285 713 1358 οὖσα)
733 1289 827 1342 ἀπαντ
838 1287 934 1344 ’σαντα
953 1288 1084 1358 ἀνήρετο,
1103 1287 1147 1343 διὰ

131 1356 158 1412 τί
183 1359 330 1430 ἐβράδυνε·
360 1362 409 1414 καί
434 1362 536 1429 μαθὼν
561 1359 613 1428 τὴν
636 1357 731 1413 αἰτίαν
756 1309 917 1432 ἀνεβόησεν,
946 1357 988 1414 ὅτι
1013 1359 1147 1428 δεσπότην

131 1430 200 1500 ἡμῖν
219 1429 376 1501 ἐγέννησας.
415 1433 463 1486 καί
487 1431 572 1486 αὐτὸν
596 1429 807 1500 ἐκταραχθέντα
832 1432 879 1486 ἐπί
903 1431 992 1504 τούτῳ
1018 1432 1068 1486 καί
1091 1434 1148 1486 δια-

133 1507 254 1571 φθεῖραι
277 1504 309 1557 τὸ
333 1501 449 1557 παιδίον
473 1502 647 1570 ἐθελήσαντα
674 1500 788 1572 ἐπέσχον
811 1503 906 1569 εἰπών,
940 1501 983 1557 ὅτι
1008 1500 1148 1558 ἀδύνατόν

133 1575 189 1627 ἐστι
198 1572 326 1629 τοιοῦτόν
336 1594 361 1628 τι
372 1574 441 1628 αὐτὸ
452 1578 565 1628 παθεῖν.
590 1574 951 1641 cfiZouar.arcual.10,13.
985 1574 1149 1630 Cedrenusl

128 1665 158 1716 γ.
176 1652 229 1702 301
248 1648 288 1700 ed.
308 1647 401 1699 Βοιιιι.

206 1758 247 1807 16.
267 1755 374 1807 Lacca
396 1753 493 1806 Phara.
515 1758 538 1818 1,
555 1757 608 1807 639
617 1769 654 1821 sq.

222 1844 252 1894 at
271 1841 396 1912 Figulus,
416 1841 462 1894 cui
481 1858 547 1894 cura
566 1841 633 1895 deos
653 1842 816 1909 secretaque
836 1839 907 1894 caeli

222 1929 304 1966 nosse
327 1913 390 1980 fuir,
414 1929 498 1981 quem
516 1930 573 1966 non
597 1911 742 1966 stellarum
760 1911 903 1981 Aegyptia
921 1909 1064 1980 Memphis

223 1986 358 2051 aequaret
376 1983 437 2038 visu
456 1984 634 2052 numerisque
655 1983 832 2037 moventibus
852 1985 936 2044 astra,

222 2058 272 2109 aut
290 2055 336 2108 hic
355 2058 439 2122 errat,
461 2055 509 2119 ait,
528 2054 608 2108 nulla
626 2072 690 2108 cum
708 2054 771 2125 lege
789 2072 840 2123 per
858 2070 959 2108 aarum

221 2127 342 2180 mundus
362 2128 390 2179 et
408 2126 515 2180 incerto
535 2127 695 2180 discurrunt
714 2126 808 2179 sidera
825 2128 913 2190 motu,

223 2200 272 2251 aut
291 2197 315 2250 si
333 2197 394 2250 fata
412 2199 532 2260 movent,
551 2197 615 2251 urbi
633 2197 785 2268 generique
803 2199 921 2266 paratur

222 2270 344 2322 humano
362 2272 473 2322 matura
493 2268 560 2323 lues.

206 2363 248 2413 17.
273 2359 340 2412 Gall.
366 2363 553 2424 19,14,1-3
586 2360 664 2411 aetas
692 2357 729 2411 M.
750 2355 891 2412 Ciceronis
919 2359 948 2410 et
977 2355 1005 2410 G.
1026 2354 1150 2411 Caesaris

132 2430 289 2499 praestanti
312 2429 447 2482 ineundis
468 2445 574 2498 paucos
594 2429 702 2494 habuit,
726 2428 918 2482 doctrinarum
937 2429 1034 2481 autem
1057 2428 1150 2482 multi-

133 2501 267 2555 formium
285 2501 482 2567 variarumquc
506 2501 622 2566 artium,
656 2499 757 2568 quibus
784 2499 945 2552 humanitas
971 2499 1085 2552 erudita
1103 2502 1151 2565 est,

134 2573 275 2626 columina
298 2572 399 2626 habuit
422 2572 459 2626 M.
480 2571 634 2624 Varronem
653 2575 682 2624 et
700 2571 729 2625 P.
749 2570 904 2640 Nigidium.
925 2602 959 2610 -
978 2570 1150 2640 Nigidianae

133 2647 228 2698 autem
254 2644 502 2697 commentationes
521 2660 576 2696 non
600 2642 719 2711 proinde
741 2643 771 2695 in
795 2641 892 2710 volgus
911 2644 1023 2708 exeunt,
1053 2644 1082 2696 et
1105 2642 1150 2695 ob-

134 2716 252 2769 scuritas
279 2715 479 2783 subtilitasque
503 2732 599 2767 earum
622 2716 767 2782 tamquam
790 2731 890 2782 parum
912 2711 992 2766 utilis
1016 2713 1151 2767 derelicta

134 2789 184 2840 est.
226 2792 251 2850 4,
266 2791 323 2852 9,1
351 2785 483 2855 Nigidius
511 2785 627 2854 Figulus
654 2786 747 2852 homo,
774 2787 807 2837 ut
834 2801 886 2854 ego
914 2783 1045 2851 arbitror,
1074 2785 1150 2838 iuxta

132 2857 170 2910 M.
185 2857 339 2910 Varronem
355 2857 534 2910 doctissimus
567 2861 592 2923 4,
608 2862 650 2923 16,
666 2863 681 2910 1
696 2856 732 2909 M.
748 2855 902 2910 Varronem
916 2857 945 2908 et
958 2855 988 2909 P.
1003 2855 1150 2926 Nigidium

132 2927 206 2981 viros
220 2928 340 2982 Romani
359 2928 469 2997 generis
485 2928 660 2982 doctissimos
694 2932 816 2993 10,11,1
834 2926 864 2980 P.
875 2925 1009 2996 Nigidius
1023 2927 1107 2981 homo
1121 2926 1149 2979 in

134 2998 258 3053 omnium
272 2999 408 3052 bonarum
419 2997 522 3052 artium
537 2998 694 3068 disciplinis
705 2997 835 3067 egregius
861 3003 904 3064 11,
915 3002 957 3063 11,
968 3003 984 3052 1
1000 2997 1030 3052 P.
1040 2997 1149 3069 Nigidii

133 3069 255 3123 hominis
266 3070 296 3123 in
306 3070 409 3124 studiis
423 3070 560 3124 bonarum
576 3069 679 3124 artium
693 3068 900 3139 praecellentis,
915 3084 1000 3136 quem
1009 3068 1047 3122 Μ.
1057 3069 1149 3124 Cicero

133 3141 241 3211 ingenii
261 3142 507 3210 doctrinarumque
525 3141 638 3196 nomine
657 3157 765 3195 summe
783 3141 919 3194 reveritus
938 3142 982 3193 est
1017 3144 1148 3207 13,10,4

133 3212 163 3266 Ρ.
178 3212 311 3282 Nigidius
334 3213 416 3266 homo
440 3212 556 3281 inpense
580 3213 679 3266 doctus
710 3217 753 3278 15,
768 3216 826 3278 3,5
853 3210 883 3266 P.
898 3209 1010 3281 Nigidii
1027 3211 1148 3266 hominis

134 3284 317 3337 eruditissimi
351 3289 394 3350 17,
410 3290 434 3351 7,
449 3289 466 3337 4
485 3284 514 3337 Ρ.
525 3283 659 3354 Nigidius
674 3282 796 3338 civitatis
810 3283 954 3336 Romanae
969 3282 1148 3338 doctissimus

132 3357 167 3424 cf.
187 3361 243 3411 test.
262 3361 288 3410 4.
317 3360 359 3411 10.

197 3450 243 3499 18.
263 3445 339 3500 Sero.
369 3446 439 3500 Aen.
471 3449 513 3513 10,
529 3448 580 3500 175
611 3444 745 3516 Nigidius
778 3445 871 3497 autom
903 3442 979 3497 solus
1011 3445 1056 3498 est
1086 3443 1149 3512 post

116 3512 283 3585 Varronem,
314 3517 388 3576 licet
407 3518 500 3574 Varro
529 3517 690 3588 praecellat
715 3514 749 3568 iu
772 3514 930 3581 maingis„
946 3514 1000 3565 *nic
1021 3514 1057 3566 in
1076 3531 1148 3568 com·

94 3587 242 3643 munibus
262 3590 394 3664 litteris3
415 3611 488 3649 nam
507 3595 638 3663 uterque
654 3591 814 3654 utrumque
829 3582 1028 3648 scripserunt·
1047 3606 1049 3610 ·
