2400 3824
482 175 511 228 L.
531 174 628 230 Aelius
648 174 718 228 Stilo
1065 174 1109 240 53

82 334 204 401 fecerat,
223 352 335 403 pugnae
354 333 447 404 effigie
463 335 521 388 eius
541 335 667 404 signasse
686 334 799 405 volgato
815 334 930 388 Stilonis
944 334 1110 388 Praeconini

83 405 162 472 sale,
189 406 324 473 quidnam
343 405 430 459 fuisse
449 405 601 473 facturum,
628 407 652 460 si
678 405 771 474 Scipio
798 424 814 459 a
837 408 917 474 patre
941 406 1000 459 eius
1024 406 1110 460 inter·

84 477 333 617 {ffzl’tffipfuffl'
367 478 399 532 de
422 479 479 532 1555
500 478 554 532 Cic.
580 479 617 531 ad
635 479 836 545 15155152
854 477 1008 546 5121115511,
1028 479 1060 532 de
1075 479 1108 532 L.

163 643 205 692 10.
226 639 280 693 oie.
294 637 606 706 1115855111235115115
621 637 702 691 nobis
717 637 829 691 audisse
842 637 939 692 videor
953 637 983 691 L.
998 637 1111 692 Aelium

84 708 254 762 libertinum
276 708 431 775 hominem,
455 708 613 763 litteratum
637 727 669 762 ac
693 709 824 762 facetum.
857 710 922 776 fuit,
945 711 1111 775 dividetur,

86 782 167 834 Aeta·
184 781 300 835 »51115515
317 781 437 835 libertus.

162 874 204 922 11.
224 871 296 938 qaod
312 869 397 923 Orelli
411 869 488 937 apud
504 869 558 923 Cic.
573 870 605 922 de
619 887 658 923 or.
674 875 699 935 1,
713 873 769 923 265
780 885 833 937 pro
848 869 946 923 Laelio
961 869 1007 923 ‘L
1018 869 1108 923 Aciio'

84 942 209 994 scribom
225 941 290 994 inde
303 957 364 995 cum
381 942 477 994 5111515
495 943 526 993 ia
544 942 701 994 Tusculano
718 942 845 995 habuisse
863 942 955 1008 efficit,
974 941 1109 994 551115111-

85 1018 192 1065 omum
211 1019 249 1066 eat
267 1029 352 1080 aeque
370 1019 463 1065 tamea
482 1012 512 1065 id
531 1013 690 1065 absurdum.

163 1105 206 1154 12.
236 1101 289 1154 Cic.
314 1102 396 1155 Brut.
420 1104 477 1154 205
500 1100 529 1152 L.
555 1100 651 1154 Aelius
671 1133 704 1139 -
724 1101 779 1153 fuit
799 1133 831 1139 -
852 1101 1057 1154 eruditissimus
1083 1103 1111 1153 et

86 1171 205 1224 Graecis
224 1171 327 1226 litteris
346 1175 374 1224 et
388 1172 506 1236 Latinis,
526 1173 760 1239 antiquitatisque
775 1175 887 1225 nostrae
903 1173 974 1225 etin
989 1172 1111 1225 inventis

86 1243 173 1295 rebus
198 1245 226 1296 et
248 1244 278 1295 in
302 1243 372 1296 actis
396 1243 617 1311 scriptorumque
641 1246 765 1297 veterum
792 1243 917 1297 litterate
940 1244 1055 1311 peritus.
1077 1275 1110 1282 -

87 1314 237 1367 sedidem
254 1314 351 1368 Aelius
371 1314 480 1368 Stoicus
499 1330 560 1368 esse
583 1314 680 1379 voluit,
704 1317 798 1368 orator
817 1317 911 1367 autem
930 1331 981 1368 nec
1001 1314 1110 1366 studuit

86 1402 224 1452 umquam
255 1401 307 1439 nec
338 1385 401 1439 fuit.
448 1386 485 1439 id.
515 1387 594 1440 55551.
619 1393 689 1454 post.
711 1391 778 1452 1,8
807 1382 939 1456 [loquitari
971 1387 1058 1441 Varro
1084 1403 1109 1439 a.
1139 1399 1151 1439 5

88 1456 205 1528 709145]
229 1472 301 1524 quae
325 1460 419 1510 autem
442 1474 524 1510 nemo
546 1457 637 1510 adhuc
657 1458 790 1511 docuerat
809 1473 860 1511 nec
880 1460 940 1511 erat
959 1457 1034 1511 unde
1053 1459 1111 1510 stu·

87 1528 165 1580 diosi
184 1529 255 1582 scire
273 1531 396 1596 possent,
416 1544 450 1581 ea
464 1527 568 1582 -feei
586 1531 618 1581 ut
638 1531 731 1582 essent
745 1531 813 1582 nota
828 1529 945 1594 nostris3
966 1547 983 1581 a
997 1528 1110 1582 Graecis

87 1600 166 1653 enim
185 1600 244 1668 peti
262 1617 319 1653 non
337 1602 487 1667 potuerant
507 1618 539 1653 ac
558 1602 622 1668 post
641 1600 670 1653 L.
690 1600 764 1653 Aelii
784 1600 872 1654 nostri
892 1617 1022 1654 occasum
1040 1616 1076 1653 ne
1095 1617 1112 1652 a

86 1670 199 1724 Latinis
219 1671 340 1738 quidem.
375 1672 411 1724 id.
432 1673 627 1737 deor.1,193
647 1672 704 1724 sive
724 1688 807 1738 quem
825 1672 896 1724 haec
915 1671 1035 1724 Aeliana
1053 1673 1112 1724 stu·

88 1743 140 1794 dia
163 1741 319 1804 delectant,
343 1741 465 1810 plurima
489 1745 531 1796 est
555 1743 632 1795 etin
652 1743 727 1796 omni
746 1744 806 1795 iure
826 1743 902 1795 civili
922 1746 949 1795 et
968 1743 998 1795 in
1017 1743 1152 1810 ponti-1⁰

87 1813 174 1866 ficum
193 1812 272 1866 libris
292 1815 321 1866 et
340 1814 369 1866 in
384 1813 434 1865 XII
454 1813 559 1867 tabuiis
579 1814 758 1880 antiquitatis
778 1813 894 1882 effigies,
914 1815 990 1881 quod
1009 1816 1037 1866 et
1051 1829 1112 1866 ver-

86 1884 190 1938 borum
208 1887 332 1938 vetustas
351 1885 444 1952 prisca
463 1886 641 1954 cognoscitur
655 1887 683 1938 et
698 1885 840 1938 actionum
854 1901 959 1954 genera
973 1885 1112 1951 quaedam

86 1957 229 2009 maiorum
252 1956 482 2010 consuetudinem
508 1957 650 2023 vitamque
679 1956 832 2010 declarant.
870 1958 903 2010 L.
931 1958 1041 2010 Aelium
1069 1957 1113 2009 hic

87 2028 249 2081 denotatum
263 2045 317 2082 esse
329 2034 399 2095 puto
419 2029 463 2096 (cf.
480 2029 575 2082 Monta
590 2029 656 2082 ibid.
666 2045 697 2096 p.
714 2033 773 2095 58):
793 2031 873 2082 aliter
886 2046 974 2095 caper
989 2028 1111 2093 Norden,

87 2099 123 2152 de
143 2099 247 2153 Stilone
267 2099 396 2153 Cosconio
422 2100 543 2154 Varrone
561 2117 674 2169 91551111.
694 2107 831 2154 comoneat.
847 2117 877 2168 p.
893 2100 945 2153 IV.

166 2202 182 2249 8
201 2195 292 2249 Laelii
360 2203 374 2248 5
396 2195 500 2250 aliena:
521 2214 568 2250 em.
591 2198 710 2266 Madvig

163 2306 206 2356 13.
241 2303 329 2357 Varro
348 2303 381 2357 dc
399 2305 416 2357 l.
437 2303 471 2356 L.
488 2308 546 2370 7,2
564 2302 638 2356 Aelii
658 2303 780 2356 hominis
799 2304 828 2356 in
847 2303 938 2371 primo
958 2303 988 2355 in
1007 2302 1111 2355 litteris

86 2374 201 2428 Latinis
225 2374 371 2441 exercitati
395 2375 432 2428 id.
452 2392 503 2429 rer.
523 2376 577 2428 dio.
594 2375 672 2427 XIV
685 2393 729 2443 op.
748 2376 951 2441 Gen.1‚1c,2
970 2374 999 2427 L.
1016 2374 1111 2426 Aelius

86 2448 187 2500 noster
205 2445 309 2499 litteris
329 2446 522 2499 ornatissimus
542 2447 676 2500 memoria
695 2448 791 2500 nostra

163 2538 205 2588 14.
225 2535 345 2589 Sucida
361 2540 510 2605 pramm.2
535 2536 579 2603 (ex
598 2536 729 2603 Varrone)
749 2535 942 2587 instruxerunt
962 2536 1112 2586 auxerunt-

87 2623 144 2674 que
174 2605 210 2658 ab
240 2606 315 2659 omni
342 2608 423 2674 parte
450 2607 664 2675 grammaticam
690 2605 719 2658 L.
740 2604 837 2658 Aelius
862 2637 895 2644 -
920 2605 977 2658 Ser.
998 2603 1111 2658 Clodius

86 2710 124 2719 -
144 2677 228 2730 multi
248 2693 280 2730 ac
299 2678 369 2730 varii
388 2680 416 2731 et
435 2677 464 2730 in
485 2677 612 2731 doctrina
631 2679 659 2729 et
678 2677 708 2729 in
727 2692 756 2728 re
775 2675 890 2744 publica
908 2693 982 2729 usus.

164 2779 205 2828 15.
236 2775 305 2830 Geli.
321 2779 347 2840 7,
363 2779 438 2840 15,5
457 2775 504 2844 [de
528 2775 611 2828 verbo
638 2774 784 2841 ‘quiesco’‚
805 2792 841 2826 an
860 2791 874 2826 e
894 2772 991 2826 littera
1010 2773 1113 2840 corripi

87 2866 126 2901 an
155 2846 273 2914 produci
302 2845 416 2917 debeat]
445 2849 540 2900 noster
568 2848 662 2898 autem
691 2846 831 2916 [5111151151
866 2862 921 2912 qua
950 2847 993 2897 est
1020 2861 1113 2897 rerum

88 2918 217 2973 omnium
236 2918 395 2971 verecunda
418 2918 621 2982 mediocritate,
646 2934 681 2970 ne
700 2917 724 2970 si
743 2917 818 2970 Aelii
837 2917 951 2984 quidem
976 2914 1065 2968 Cincii
1084 2919 1113 2969 et

87 2991 209 3043 Santrae
234 2989 383 3042 dicendum
407 2988 449 3041 ita
472 2990 658 3053 censuissent,
685 2988 883 3042 obsecuturum
907 3005 935 3040 se
959 2986 1045 3040 fuisse
1072 2988 1113 3039 ait

88 3063 189 3115 contra
212 3062 377 3128 perpetuam
395 3060 513 3113 Latinae
532 3059 647 3130 linguae
670 3059 907 3114 consuetudinem.
942 3059 1112 3125 515151

88 3131 286 3186 doctissimum
304 3133 371 3184 tunc
390 3132 514 3185 civitatis
529 3132 714 3211 hominemir.
729 3131 841 3184 Aelium
860 3133 897 3184 td.
914 3135 956 3196 10,
970 3135 1015 3194 21,
1030 3135 1049 3184 2
1063 3130 1112 3196 qui

88 3203 271 3258 doctissimus
290 3220 385 3256 eorum
403 3205 560 3270 temporum
574 3203 674 3268 fuerat,
697 3203 726 3254 L.
742 3202 839 3255 Aelius
855 3201 925 3255 Stilo
941 3202 977 3254 id.
995 3206 1020 3267 3,
1036 3205 1061 3267 3,
1078 3205 1113 3254 12

88 3275 175 3330 115155
196 3274 403 3328 eruditissimus
421 3275 459 3328 id.
481 3280 523 3339 16,
539 3279 600 3341 8,2
619 3275 647 3326 L.
670 3273 742 3326 Aelii
762 3273 838 3327 docti
857 3272 978 3327 hominis

164 3369 207 3419 16.
233 3364 309 3434 Verp.
330 3366 410 3417 catal.
432 3368 489 3430 5,3
509 3365 536 3416 55
555 3379 603 3416 vos
623 3362 736 3431 Solique
756 3361 940 3428 Tarquitique
959 3360 1112 3427 Varroque‚

88 3435 323 3490 scholasticorum
338 3435 416 3488 natio
431 3435 547 3487 madens
560 3435 670 3506 pingui.
691 3449 745 3504 pro
757 3433 884 3505 ‘fidique'
903 3433 1003 3504 chuc
1012 3433 1126 3498 scripsit

73 3507 319 3640 (ffssqffilffd
338 3522 442 3560 neeesse
468 3524 524 3563 noa
551 3516 597 3566 eet.
648 3511 683 3579 ef.
714 3510 882 3579 Buecheler,
911 3508 968 3563 Ru.
997 3503 1144 3559 1555511
