2400 3824
433 182 470 236 M.
490 181 636 236 Terentius
655 182 743 236 Varro
1030 185 1095 249 309

78 374 167 414 versu
199 355 300 413 statim
335 352 456 410 auditur
486 353 516 410 et
545 354 686 426 metrum,
717 354 748 410 in
779 356 875 411 metro
905 354 1005 412 autem
1037 374 1096 413 non

78 444 182 502 statim
205 460 315 502 versus.
1110 461 1136 502 ss

154 544 229 596 Mar
255 542 322 595 Vici.
337 558 368 610 p
384 544 428 606 55,
444 545 477 594 11
496 565 609 595 versasse
586 557 659 594 ιιι-ι
672 554 804 595 necesitate
818 554 957 607 ιιιιιιιιιιιιιι,
974 544 1008 595 ut
1021 543 1096 612 apud

80 613 237 684 Vergilium
260 613 297 695 [9..
318 613 424 684 3,381]
448 613 573 680 septem
597 611 725 667 subiecta
746 613 864 666 trione’.
900 627 950 677 pari
967 628 1096 669 resono—

78 701 165 751 gunem
138 701 241 749 mesura,
274 684 348 738 siout
375 683 509 750 diximus,
541 683 624 739 metri
651 683 828 738 necessitate
874 710 999 740 vu-sm
1021 699 1096 740 sessim

78 783 161 812 ve.rsm
188 726 1100 825 efi'IJicm.p.494,10.506,15.Prisc.111514,27.06K

84 830 129 884 VI
142 833 207 896 274,
222 833 264 882 11.
292 828 357 898 frpa
358 845 391 881 m.
412 797 504 882 Pdris.
526 827 618 882 0οΚ
640 829 684 882 VI
699 831 761 894 631,
775 833 820 882 20.
848 829 966 899 Aepust.
986 829 1019 883 de
1038 829 1096 883 ord.

78 905 214 968 2,40,1.
252 900 284 953 de
302 916 370 954 mus.
391 903 416 965 5,
436 903 462 966 3,
481 902 506 954 4.
543 899 612 954 Isid.
632 916 671 954 or.
691 903 716 966 1,
736 904 781 966 39,
799 903 826 954 2.

151 1006 341 1076 iprocedunt
396 1023 476 1059 suum
500 1007 604 1061 Weiss:
624 1022 675 1060 sua
765 1005 901 1075 8quodsi
914 1004 963 1059 lat.
980 1037 1013 1046 -
1028 1005 1095 1060 abu-

77 1077 149 1143 sive,
173 1076 216 1130 vel
242 1077 311 1131 haec
335 1095 398 1147 app.
417 1077 561 1132 tenebitur
584 1079 684 1133 Usener
702 1095 746 1147 cp.
773 1079 863 1132 Wilm.
881 1078 993 1133 seclusis
1010 1078 1097 1132 verbis

77 1167 175 1204 versus
190 1149 246 1203 ber.
262 1149 423 1202 -dicatur
477 1148 603 1221 <pedum
618 1148 839 1218 appellaverunt,
857 1147 942 1221 cum>
958 1167 1014 1203 sen.
1031 1151 1097 1204 Keil

78 1228 113 1275 10
140 1221 262 1274 abusive.
300 1219 344 1274 vel
371 1222 399 1274 h.
424 1238 487 1290 app.
515 1219 718 1290 (appellatione
741 1222 846 1289 Puris.)
874 1221 950 1276 codd.
980 1221 1096 1274 abusiva

76 1310 142 1346 vero
161 1292 187 1344 h.
208 1308 271 1360 app.
291 1294 391 1360 scripsi
481 1298 512 1344 11
537 1293 647 1346 hexam.
668 1292 762 1416 epos}1
773 1293 808 1358 of.
830 1294 921 1346 Diem.
937 1310 967 1361 p.
984 1297 1046 1357 501,
1059 1296 1096 1347 21

78 1370 113 1418 18
128 1363 188 1417 liris
204 1365 341 1418 Valesius:
361 1363 464 1417 litteris
566 1368 598 1416 19
617 1363 734 1432 bustrop
780 1365 905 1418 Valesius
922 1363 1096 1432 bustrophen

76 1438 141 1490 Pal
167 1435 339 1503 bostrophen
357 1437 449 1490 Paris.
541 1441 573 1488 21
594 1435 708 1505 propria
726 1436 788 1490 Pal
881 1441 914 1488 24
934 1435 981 1502 qui
1002 1437 1095 1490 Puris.

77 1513 112 1560 26
127 1510 241 1575 recepta
256 1509 299 1560 est
313 1508 382 1562 coci.
399 1507 465 1561 Keil
537 1511 570 1559 2‘1
586 1505 719 1578 (partis)
735 1523 772 1560 or
790 1507 879 1560 Ws‘tm
950 1511 983 1559 32
998 1507 1096 1560 deten-

76 1579 138 1632 dite
157 1582 186 1632 et
205 1577 336 1646 spoliate:
356 1596 404 1632 em
426 1580 514 1632 Mara
533 1596 566 1632 ec
584 1579 679 1632 Nouio

505 1729 570 1788 289
595 1721 666 1808 [ιι]

144 1855 313 1896 mensuram
343 1853 405 1895 esse
432 1837 464 1893 in
492 1836 615 1910 fabulis,
645 1836 701 1895 hoc
728 1839 773 1895 est
803 1840 932 1912 metron,
963 1838 1095 1896 Terentii

76 1930 108 1984 et
136 1925 237 1984 Plauti
265 1927 294 1984 et
321 1927 486 1984 ceterorum
516 1927 695 1984 comicorum
723 1928 753 1983 et
780 1928 962 2004 tragicorum
992 1926 1096 1986 dicunt

77 2017 119 2089 hi,
144 2014 246 2074 Cicero
270 2013 399 2074 Stemus
422 2014 591 2074 Firmianus
615 2013 712 2074 Varro

148 2115 243 2180 Itufie.
260 2131 289 2182 p.
306 2118 370 2179 565,
385 2117 400 2166 1
420 2139 545 2168 mensuram
559 2145 586 2152 —
600 2128 672 2168 varro
691 2113 865 2175 Victorinus,
890 2113 1004 2168 Caesius
1027 2115 1096 2168 Bas-

75 2203 131 2252 sus,
156 2184 350 2250 Terentianus,
379 2184 516 2239 Caecilius
535 2184 655 2251 Vindex,
683 2184 772 2239 Cinna
800 2185 917 2239 Sisenna
944 2185 1095 2240 Diomedes
1128 2228 1130 2235 .

74 2256 196 2310 Albinus
220 2256 419 2322 Quintilianus,
444 2255 587 2325 Sosipater
609 2255 760 2321 Charisius,
784 2256 917 2310 Helonius
941 2258 1031 2326 Asper
1053 2257 1094 2312 Fl.

75 2329 166 2397 Caper
193 2328 342 2381 Arruntius
369 2327 476 2381 Probus
504 2327 612 2382 Plinius
635 2327 792 2381 Euanthius
817 2328 961 2395 Sacerdos,
990 2329 1039 2397 qui
1067 2332 1096 2382 et

74 2399 212 2465 Donatus,
231 2399 308 2452 Iuba.
346 2401 380 2467 cf.
402 2400 516 2466 Ritscbl,
535 2401 647 2470 Pursrq.
664 2417 694 2468 p.
710 2404 773 2455 358.

150 2512 163 2558 1
184 2506 210 2558 h.
231 2507 274 2559 est
292 2525 328 2560 m.
346 2507 406 2560 secl.
429 2506 524 2561 Osann

504 2658 569 2716 290
594 2651 666 2736 [72]

141 2765 198 2823 hoc
231 2759 406 2844 [trimetrum
430 2760 562 2845 beroam]
586 2765 683 2824 Varro
707 2765 744 2824 ab
772 2763 950 2824 Archilocho
974 2768 1094 2824 auctum

75 2855 151 2913 dicit
170 2855 312 2912 adiuncta
332 2855 449 2930 syllaba
468 2859 498 2914 et
515 2856 631 2913 factum
648 2856 722 2913 tale:
742 2849 956 2931 ‘omnipotente
971 2858 1094 2932 parente

74 2938 162 3002 meo'.
201 2943 269 3001 huic
293 2945 316 3002 si
342 2945 460 3004 auferas
484 2945 623 3003 ultimam
646 2944 802 3020 syllabam,
826 2947 913 3003 erunt
935 2945 1011 3004 tales
1032 2938 1094 3004 ¹tres

72 3033 165 3110 pedes
189 3052 263 3109 quos
286 3035 369 3109 prior
391 3053 461 3110 pars
484 3034 649 3092 hexametri
671 3035 801 3110 recipere
824 3035 986 3093 consuevit.

147 3133 240 3186 Diem.
260 3149 286 3199 p.
303 3135 415 3198 515,14
434 3132 559 3187 trimeter
578 3133 709 3201 [dimeter
727 3132 817 3203 codd]
839 3133 941 3187 herous
961 3151 994 3186 ex
1013 3151 1093 3202 supe-

72 3203 147 3256 riore
162 3203 348 3274 [tetrametro]
372 3204 429 3256 iam
444 3205 478 3257 de
493 3221 526 3258 eo
541 3203 674 3275 [iambico
685 3205 776 3259 codd:
789 3221 836 3258 em.
849 3206 913 3270 Leo,
926 3206 1040 3260 Hermes
1048 3210 1093 3260 24.

73 3279 151 3330 1889
164 3292 195 3344 p.
210 3279 247 3329 29
261 3275 326 3328 adu.
345 3280 372 3329 2.
405 3277 440 3342 cs.
456 3277 548 3331 Diem.
565 3294 594 3345 p.
615 3280 677 3341 512,
692 3280 717 3329 4.
747 3280 808 3341 514,
824 3277 853 3346 6]
881 3274 1010 3330 diximus.
1044 3277 1093 3330 sed

71 3361 117 3401 hoc
132 3361 205 3400 Varro
221 3377 244 3386 -
259 3360 381 3401 consuevit.

503 3482 568 3539 291
609 3481 651 3538 75

142 3587 312 3648 octonarius
339 3589 391 3664 est,
421 3587 574 3653 utVarro
593 3473 688 3670 [dicit
715 3607 786 3653 oum
809 3588 870 3653 duo
891 3586 995 3650 iambi
1016 3586 1118 3665 pedes
