2400 3824
110 199 176 265 202
257 198 463 254 Grammaticos
481 199 584 254 aetatis
603 197 796 254 varronianae
814 197 974 269 fragmenta

545 369 587 427 37
629 370 670 426 63

175 477 193 534 l.
217 475 284 533 III.
329 477 521 550 utrumque
549 361 732 549 malisse,
762 477 797 533 et
824 475 1028 550 epicrocum
1055 473 1128 532 viri

108 583 247 641 qnoque
270 564 492 624 habitarunt.

180 665 254 719 Noa.
270 681 300 733 p,
320 666 384 728 316,
397 665 436 717 26
457 661 602 730 habitare,
624 661 676 716 uti.
704 661 793 716 Varro
812 676 938 715 sermone
957 659 1059 715 Latino
1079 658 1127 714 lib.

108 734 162 790 111:
180 753 299 797 utrumque
312 766 340 774 -
352 748 490 788 neutrarum.

547 885 590 944 ss
614 877 686 963 [cr]

176 1010 194 1067 5.
219 1008 276 1069 IV.
332 1009 515 1069 clausulas
553 1027 694 1084 quoque
730 1010 882 1084 primum
919 1007 1128 1083 appellatas

110 1099 249 1171 dicunt,
274 1097 365 1173 quod
389 1097 600 1157 clauderent
623 1099 855 1171 sententiam,
882 1099 921 1155 ut
945 1095 1040 1172 apud
1062 1095 1128 1157 Ac-

111 1190 203 1247 cium
246 1183 285 1262 [ν.
312 1180 524 1267 6651155511
572 1181 633 1246 ‘an
669 1187 756 1246 haec
790 1188 862 1245 iam
898 1184 1009 1246 obliti
1046 1188 1127 1247 sunt

110 1271 307 1353 Phryges‘?'
354 1294 423 1335 non
451 1295 642 1352 numquam
670 1275 711 1334 ab
739 1275 795 1334 his
822 1275 970 1334 initium
998 1273 1060 1350 iit,
1091 1277 1128 1334 ut

83 1365 205 1442 capud
242 1363 438 1424 Caecilium
471 1358 510 1444 [o.
534 1357 745 1444 280thb.³]:
787 1358 860 1422 ‘dei
895 1363 995 1423 bonil
1043 1362 1128 1439 qnid

110 1447 218 1557 11066Ι
226 1537 236 1565 ,
264 1454 357 1530 apud
390 1455 592 1514 Terentium
626 1448 751 1533 [adelph.
778 1447 870 1532 610]:
908 1447 1128 1512 ‘discrucior

110 1562 245 1602 anima.
1114 1589 1117 1595 .

111 1624 113 1628 ’
177 1643 277 1724 15555.
293 1658 322 1724 p.
338 1645 400 1708 556,
416 1646 434 1696 r
451 1642 540 1695 uano
558 1641 589 1694 in
606 1640 659 1694 1111
677 1641 720 1713 [sn
738 1641 858 1710 septimo
876 1642 969 1696 Pes.
986 1644 1061 1696 7496
1079 1639 1127 1694 un

110 1714 202 1769 Porro.
211 1716 282 1767 7501
293 1731 322 1766 m
333 1714 439 1780 omaso,
448 1713 478 1766 in
486 1712 537 1766 UII
548 1714 645 1783 Repin.
655 1717 727 1767 1709
734 1711 890 1784 cfiprocfi]:
900 1727 1048 1768 nummu—
1055 1721 1128 1767 mma

109 1784 145 1852 cf.
160 1786 242 1839 Paul.
258 1785 331 1840 Feci.
343 1802 373 1852 p.
389 1788 434 1851 56,
449 1789 475 1839 8.
506 1785 582 1839 Mar.
598 1784 665 1839 Vict.
676 1802 707 1853 p.
718 1788 762 1850 60,
776 1787 814 1857 27
827 1799 902 1837 nunc
916 1783 951 1836 de
965 1786 1126 1851 metrorum,

109 1857 194 1924 prout
212 1872 306 1910 versus
325 1854 504 1924 processerit,
527 1856 701 1924 praescripto
721 1856 750 1911 ct
767 1854 896 1925 legitimo
914 1854 969 1908 fine
989 1853 1127 1909 clausula-

111 1943 165 1994 que
184 1927 317 1981 dicemus.
349 1943 416 1981 nam
434 1925 551 1981 metrica
569 1926 633 1996 lege
651 1926 682 1980 in
699 1926 755 1980 fine
773 1942 902 1980 versuum
921 1925 1128 1996 quadripertita

111 1998 252 2052 conclusio
281 1999 336 2064 est,
368 2015 419 2067 per
445 2013 530 2065 quam
559 1998 650 2051 exitus
677 1997 760 2052 metri
788 1999 935 2065 statusque
964 1997 1127 2063 dinoscitur,

111 2070 205 2122 utrum
227 2069 299 2138 pede
324 2085 373 2122 seu
396 2069 538 2137 semipede
561 2068 605 2122 rel
629 2068 746 2138 dipodia
771 2068 810 2123 sit
827 2068 1019 2123 terminatum.
1057 2068 1128 2123 hanc

112 2139 212 2195 Gracci
230 2140 381 2209 κατάληξιν
400 2142 509 2208 vocant,
528 2140 558 2193 id
577 2142 621 2195 est
640 2158 702 2194 cum
721 2139 881 2211 legitimum
899 2141 1020 2194 metrum
1040 2139 1071 2192 in
1085 2155 1127 2208 sy·

111 2213 195 2280 aygia
214 2211 369 2281 simplicem
387 2212 497 2280 pedem,
516 2211 546 2264 in
564 2212 735 2281 monopodia
753 2227 825 2279 voro,
846 2210 878 2264 id
896 2212 940 2264 est
957 2209 989 2264 in
1007 2208 1128 2280 simplici

111 2283 192 2352 pede,
206 2281 346 2351 syllabam
359 2283 461 2351 perdit.
480 2285 515 2351 cs.
530 2284 568 2338 id,
578 2302 608 2353 p.
629 2289 671 2350 79,
687 2289 703 2336 1
719 2283 826 2352 (Rufio.
837 2300 867 2352 p.
883 2287 946 2348 557,
961 2284 1015 2352 13).
1030 2283 1126 2338 Diem

110 2371 139 2426 p.
160 2358 221 2421 300,
236 2359 281 2409 23.
309 2355 378 2432 leid.
397 2372 436 2410 or.
457 2360 482 2421 1,
497 2358 542 2421 39,
555 2359 600 2410 24.
987 2393 989 2396 <

184 2467 199 2515 3
218 2461 289 2516 haec
306 2462 363 2516 iam
381 2461 451 2516 haec
470 2462 519 2517 del.
539 2463 625 2524 altero
642 2462 713 2516 haec
731 2464 823 2517 Paris.
845 2430 917 2516 7496
989 2466 1006 2514 4
1023 2459 1127 2531 Bruges

112 2534 219 2589 Ritaclsl
296 2539 312 2588 5
331 2533 377 2587 dei
395 2533 423 2588 b.
442 2535 535 2588 Poris.
555 2537 628 2589 7496
645 2535 743 2605 Rapio.
765 2537 819 2588 733
837 2533 872 2586 ds
887 2573 916 2586 ..
945 2532 1038 2586 Poris.
1060 2535 1127 2587 7501

549 2687 592 2743 39
617 2678 688 2764 [73]
776 2683 781 2691 ·

112 2783 116 2861 ζ
179 2811 198 2868 l.
217 2809 275 2867 IV.
318 2813 354 2867 at
374 2810 411 2866 in
429 2811 624 2868 extremum
647 2810 827 2868 senarium
850 2778 1004 2866 totidem
1025 2807 1127 2866 sem-i·

112 2897 263 2974 pedibus
294 2898 448 2958 adiectis
478 2899 547 2956 fiet
578 2898 732 2956 comicus
763 2897 974 2973 quadratus,
1006 2897 1048 2956 ut
1074 2894 1128 2954 hic

114 2980 194 3065 [Ter.
215 3005 278 3046 cuce.
295 2976 511 3066 539]:“heri
534 2987 676 3062 aliquot
700 2975 968 3066 adulescentuli
993 2986 1127 3045 coimus

107 3075 149 3144 ,in
172 3069 326 3135 Piraeo'.
888 3091 890 3096 ·
1111 3123 1113 3128 ,

113 3202 115 3206 ⁴
186 3174 280 3240 Rufio.
304 3191 333 3242 p.
361 3177 480 3240 556,14
510 3173 586 3228 idem
611 3173 700 3228 Varro
730 3173 760 3226 in
788 3172 886 3228 eodem
913 3171 966 3226 IIII
998 3172 1128 3244 [septimo

114 3245 205 3328 iaris
234 3249 306 3328 7496
332 3244 382 3298 UII
409 3246 501 3300 Paris.
529 3246 723 3329 7501115915.
749 3247 803 3298 733
830 3243 903 3298 libro
927 3245 993 3298 odd.
1017 3243 1073 3316 op]
1096 3242 1128 3296 de

114 3315 212 3385 hngua
230 3316 332 3370 Latma
350 3317 387 3370 ad
396 3354 398 3357 -
406 3315 570 3371 Marcellum
589 3334 629 3370 sic
648 3315 730 3370 d1cit:
754 3332 779 3369 st
791 3329 814 3370 ln
829 3332 953 3370 extremum
967 3347 995 3356 -
1005 3329 1033 3370 ln
1046 3329 1129 3369 Piraeo.

105 3387 201 3442 Deum,
214 3406 248 3458 p.
266 3392 328 3456 515,
344 3392 362 3442 3
380 3387 571 3458 septenarium
584 3404 694 3441 versum
708 3386 797 3442 Varro
811 3386 871 3440 fieri
886 3385 1025 3441 dicithoc
1039 3385 1129 3453 modc;

95 3473 161 3510 enm
177 3459 217 3514 ad
230 3460 392 3518 iambicum
412 3459 582 3533 trisyllabus
599 3477 652 3531 pes
669 3458 783 3513 additur
802 3459 833 3510 et
846 3457 882 3509 dt
895 3456 969 3511 tale:
989 3458 998 3485 ‘
1020 3456 1072 3512 uid
1089 3456 1129 3510 in·

80 3532 270 3589 merentibus
298 3552 399 3605 noces,
430 3534 648 3608 quirinillus
673 3528 804 3586 amicis‘l'
836 3525 940 3606 similis
955 3526 994 3578 in
1016 3526 1136 3606 „ussus

73 3612 176 3658 versus
197 3610 248 3663 est
265 3610 342 3682 [hee.
365 3611 455 3687 349]:
484 3612 572 3667 ‘nam
592 3607 618 3663 si
636 3602 793 3660 remittent
810 3596 963 3664 quippiam
970 3592 1157 3646 me
