<?xml version="1.0" encoding="UTF-8"?>
<!DOCTYPE html PUBLIC "-//W3C//DTD XHTML 1.0 Transitional//EN"
    "http://www.w3.org/TR/xhtml1/DTD/xhtml1-transitional.dtd">
<html xmlns="http://www.w3.org/1999/xhtml" xml:lang="en" lang="en">
 <head>
  <title>
</title>
<meta http-equiv="Content-Type" content="text/html;charset=utf-8" />
  <meta name='ocr-system' content='tesseract 3.04.00' />
  <meta name='ocr-capabilities' content='ocr_page ocr_carea ocr_par ocr_line ocrx_word'/>
</head>
<body>
  <div class='ocr_page' id='page_1' title='image "./grammaticaeroma02funagoog_0193.png"; bbox 0 0 2400 3824; ppageno 0'>
   <div class='ocr_carea' id='block_1_1' title="bbox 137 187 1006 262">
    <p class='ocr_par' dir='ltr' id='par_1_1' title="bbox 137 187 1006 262">
     <span class='ocr_line' id='line_1_1' title="bbox 137 187 1006 262; baseline 0 -19"><span class='ocrx_word' id='word_1_1' title='bbox 137 188 200 253; x_wconf 80' lang='lat'><strong><em>158</em></strong></span> <span class='ocrx_word' id='word_1_2' title='bbox 283 187 489 241; x_wconf 87' lang='lat' dir='ltr'><strong><em>Grammaticac</em></strong></span> <span class='ocrx_word' id='word_1_3' title='bbox 510 187 613 242; x_wconf 84' lang='lat' dir='ltr'><strong><em>aetatis</em></strong></span> <span class='ocrx_word' id='word_1_4' title='bbox 632 187 824 262; x_wconf 77' lang='lat' dir='ltr'><strong><em>Varronianae</em></strong></span> <span class='ocrx_word' id='word_1_5' title='bbox 843 187 1006 259; x_wconf 87' lang='lat' dir='ltr'><strong><em>fragmenta</em></strong></span> 
     </span>
    </p>
   </div>
   <div class='ocr_carea' id='block_1_2' title="bbox 336 415 953 516">
    <p class='ocr_par' dir='ltr' id='par_1_2' title="bbox 336 415 953 516">
     <span class='ocr_line' id='line_1_2' title="bbox 336 415 953 516; baseline 0.003 -2"><span class='ocrx_word' id='word_1_6' title='bbox 336 434 378 516; x_wconf 89' lang='lat' dir='ltr'><strong><em>P.</em></strong></span> <span class='ocrx_word' id='word_1_7' title='bbox 412 415 681 516; x_wconf 76' lang='lat' dir='ltr'><strong>NIGIDIUS</strong></span> <span class='ocrx_word' id='word_1_8' title='bbox 713 429 953 516; x_wconf 78' lang='lat' dir='ltr'><strong>FIGULUS</strong></span> 
     </span>
    </p>
   </div>
   <div class='ocr_carea' id='block_1_3' title="bbox 136 616 810 757">
    <p class='ocr_par' dir='ltr' id='par_1_3' title="bbox 136 616 810 757">
     <span class='ocr_line' id='line_1_3' title="bbox 477 616 810 682; baseline 0.003 -1"><span class='ocrx_word' id='word_1_9' title='bbox 477 617 515 681; x_wconf 89' lang='lat' dir='ltr'><strong><em>A.</em></strong></span> <span class='ocrx_word' id='word_1_10' title='bbox 539 616 810 682; x_wconf 81' lang='lat' dir='ltr'><strong>TESTIMONIA</strong></span> 
     </span>
     <span class='ocr_line' id='line_1_4' title="bbox 136 704 246 757; baseline 0.018 -2"><span class='ocrx_word' id='word_1_11' title='bbox 136 704 246 757; x_wconf 77' lang='lat' dir='ltr'><strong><em>virne</em></strong></span> 
     </span>
    </p>
   </div>
   <div class='ocr_carea' id='block_1_4' title="bbox 94 811 1178 3671">
    <p class='ocr_par' dir='ltr' id='par_1_4' title="bbox 135 811 1148 1023">
     <span class='ocr_line' id='line_1_5' title="bbox 208 811 1147 882; baseline 0 -17"><span class='ocrx_word' id='word_1_12' title='bbox 208 818 231 865; x_wconf 84' lang='lat'><strong><em>1.</em></strong></span> <span class='ocrx_word' id='word_1_13' title='bbox 254 811 297 864; x_wconf 92' lang='lat' dir='ltr'><strong><em>P.</em></strong></span> <span class='ocrx_word' id='word_1_14' title='bbox 313 812 459 882; x_wconf 72' lang='lat' dir='ltr'><strong><em>Nigidias’</em></strong></span> <span class='ocrx_word' id='word_1_15' title='bbox 480 818 519 866; x_wconf 84' lang='lat' dir='ltr'><strong><em>eat</em></strong></span> <span class='ocrx_word' id='word_1_16' title='bbox 536 814 692 880; x_wconf 76' lang='lat' dir='ltr'><strong><em>saepissime</em></strong></span> <span class='ocrx_word' id='word_1_17' title='bbox 711 813 788 881; x_wconf 77' lang='lat' dir='ltr'><strong><em>apeed</em></strong></span> <span class='ocrx_word' id='word_1_18' title='bbox 808 811 928 867; x_wconf 82' lang='lat' dir='ltr'><strong><em>Gelliam</em></strong></span> <span class='ocrx_word' id='word_1_19' title='bbox 945 813 988 865; x_wconf 80' lang='lat' dir='ltr'><strong><em>cel</em></strong></span> <span class='ocrx_word' id='word_1_20' title='bbox 1008 812 1147 882; x_wconf 70' lang='lat' dir='ltr'><strong><em>Nigidius</em></strong></span> 
     </span>
     <span class='ocr_line' id='line_1_6' title="bbox 136 880 1148 954; baseline -0.002 -18"><span class='ocrx_word' id='word_1_21' title='bbox 136 883 284 954; x_wconf 44' lang='lat' dir='ltr'><strong><em>siquas&amp;</em></strong></span> <span class='ocrx_word' id='word_1_22' title='bbox 319 883 475 952; x_wconf 74' lang='lat' dir='ltr'><strong><em>Nigidius’</em></strong></span> <span class='ocrx_word' id='word_1_23' title='bbox 505 883 582 951; x_wconf 80' lang='lat' dir='ltr'><strong><em>apud</em></strong></span> <span class='ocrx_word' id='word_1_24' title='bbox 607 885 734 937; x_wconf 80' lang='lat' dir='ltr'><strong><em>Nouium</em></strong></span> <span class='ocrx_word' id='word_1_25' title='bbox 758 901 870 951; x_wconf 78' lang='lat' dir='ltr'><strong><em>semper,</em></strong></span> <span class='ocrx_word' id='word_1_26' title='bbox 892 885 1054 953; x_wconf 79' lang='lat' dir='ltr'><strong><em>pleramque</em></strong></span> <span class='ocrx_word' id='word_1_27' title='bbox 1079 880 1148 952; x_wconf 80' lang='lat' dir='ltr'><strong><em>apud</em></strong></span> 
     </span>
     <span class='ocr_line' id='line_1_7' title="bbox 135 955 404 1023; baseline 0 -15"><span class='ocrx_word' id='word_1_28' title='bbox 135 955 252 1023; x_wconf 78' lang='lat' dir='ltr'><strong><em>reliquos</em></strong></span> <span class='ocrx_word' id='word_1_29' title='bbox 274 960 404 1008; x_wconf 82' lang='lat' dir='ltr'><strong><em>auctores</em></strong></span> 
     </span>
    </p>

    <p class='ocr_par' dir='ltr' id='par_1_5' title="bbox 136 1024 1162 2162">
     <span class='ocr_line' id='line_1_8' title="bbox 207 1024 1148 1094; baseline -0.003 -15"><span class='ocrx_word' id='word_1_30' title='bbox 207 1031 233 1079; x_wconf 95' lang='grc'><strong><em>2.</em></strong></span> <span class='ocrx_word' id='word_1_31' title='bbox 254 1025 339 1080; x_wconf 74' lang='lat' dir='ltr'><strong><em>actor</em></strong></span> <span class='ocrx_word' id='word_1_32' title='bbox 359 1026 390 1077; x_wconf 81' lang='lat' dir='ltr'><strong><em>irc</em></strong></span> <span class='ocrx_word' id='word_1_33' title='bbox 415 1026 522 1080; x_wconf 81' lang='lat' dir='ltr'><strong><em>Lucan.</em></strong></span> <span class='ocrx_word' id='word_1_34' title='bbox 544 1031 568 1092; x_wconf 88' lang='lat'><strong><em>1,</em></strong></span> <span class='ocrx_word' id='word_1_35' title='bbox 584 1029 638 1079; x_wconf 88' lang='grc'><strong><em>639</em></strong></span> <span class='ocrx_word' id='word_1_36' title='bbox 666 1024 814 1094; x_wconf 80' lang='lat' dir='ltr'>Nigidium</span> <span class='ocrx_word' id='word_1_37' title='bbox 840 1025 972 1094; x_wconf 80' lang='lat' dir='ltr'>Figulum</span> <span class='ocrx_word' id='word_1_38' title='bbox 998 1025 1078 1090; x_wconf 87' lang='lat' dir='ltr'><strong><em>dicit,</em></strong></span> <span class='ocrx_word' id='word_1_39' title='bbox 1104 1024 1148 1092; x_wconf 91' lang='lat' dir='ltr'><strong><em>qui</em></strong></span> 
     </span>
     <span class='ocr_line' id='line_1_9' title="bbox 136 1095 1149 1167; baseline -0.001 -18"><span class='ocrx_word' id='word_1_40' title='bbox 136 1096 200 1150; x_wconf 94' lang='lat' dir='ltr'><strong><em>ideo</em></strong></span> <span class='ocrx_word' id='word_1_41' title='bbox 225 1097 278 1150; x_wconf 92' lang='lat' dir='ltr'><strong><em>hoc</em></strong></span> <span class='ocrx_word' id='word_1_42' title='bbox 303 1112 406 1150; x_wconf 90' lang='lat' dir='ltr'><strong><em>nomen</em></strong></span> <span class='ocrx_word' id='word_1_43' title='bbox 434 1097 551 1165; x_wconf 86' lang='lat' dir='ltr'><strong><em>accepit,</em></strong></span> <span class='ocrx_word' id='word_1_44' title='bbox 581 1096 649 1164; x_wconf 89' lang='lat' dir='ltr'><strong><em>quia</em></strong></span> <span class='ocrx_word' id='word_1_45' title='bbox 674 1112 817 1167; x_wconf 82' lang='lat' dir='ltr'><strong><em>regressus</em></strong></span> <span class='ocrx_word' id='word_1_46' title='bbox 841 1113 858 1149; x_wconf 91' lang='lat' dir='ltr'><strong><em>a</em></strong></span> <span class='ocrx_word' id='word_1_47' title='bbox 881 1095 1001 1153; x_wconf 84' lang='lat' dir='ltr'><strong><em>Graecia</em></strong></span> <span class='ocrx_word' id='word_1_48' title='bbox 1028 1097 1100 1151; x_wconf 85' lang='lat' dir='ltr'><strong><em>dixit</em></strong></span> <span class='ocrx_word' id='word_1_49' title='bbox 1123 1111 1149 1149; x_wconf 88' lang='lat' dir='ltr'><strong><em>se</em></strong></span> 
     </span>
     <span class='ocr_line' id='line_1_10' title="bbox 137 1167 1148 1241; baseline 0.001 -21"><span class='ocrx_word' id='word_1_50' title='bbox 137 1167 269 1221; x_wconf 81' lang='lat' dir='ltr'><strong><em>didicisse</em></strong></span> <span class='ocrx_word' id='word_1_51' title='bbox 293 1167 390 1220; x_wconf 90' lang='lat' dir='ltr'><strong><em>orbem</em></strong></span> <span class='ocrx_word' id='word_1_52' title='bbox 409 1168 446 1220; x_wconf 91' lang='lat' dir='ltr'><strong><em>ad</em></strong></span> <span class='ocrx_word' id='word_1_53' title='bbox 465 1167 638 1221; x_wconf 71' lang='lat' dir='ltr'><strong><em>celeritatem</em></strong></span> <span class='ocrx_word' id='word_1_54' title='bbox 662 1170 741 1221; x_wconf 89' lang='lat' dir='ltr'><strong><em>rotae</em></strong></span> <span class='ocrx_word' id='word_1_55' title='bbox 760 1167 841 1238; x_wconf 90' lang='lat' dir='ltr'><strong><em>figuli</em></strong></span> <span class='ocrx_word' id='word_1_56' title='bbox 864 1168 998 1236; x_wconf 77' lang='lat' dir='ltr'><strong><em>torqueri.</em></strong></span> <span class='ocrx_word' id='word_1_57' title='bbox 1036 1169 1148 1241; x_wconf 73' lang='lat' dir='ltr'><strong><em>August</em></strong></span> 
     </span>
     <span class='ocr_line' id='line_1_11' title="bbox 136 1238 1149 1322; baseline -0.003 -29"><span class='ocrx_word' id='word_1_58' title='bbox 136 1241 186 1294; x_wconf 86' lang='lat' dir='ltr'><strong><em>civ.</em></strong></span> <span class='ocrx_word' id='word_1_59' title='bbox 201 1240 227 1292; x_wconf 79' lang='lat' dir='ltr'><strong><em>d.</em></strong></span> <span class='ocrx_word' id='word_1_60' title='bbox 244 1244 296 1306; x_wconf 89' lang='lat'><strong><em>5,3</em></strong></span> <span class='ocrx_word' id='word_1_61' title='bbox 317 1239 363 1292; x_wconf 85' lang='lat' dir='ltr'><strong><em>‘de</em></strong></span> <span class='ocrx_word' id='word_1_62' title='bbox 381 1241 556 1322; x_wconf 83' lang='lat' dir='ltr'><strong><em>argumento,</em></strong></span> <span class='ocrx_word' id='word_1_63' title='bbox 576 1239 651 1306; x_wconf 90' lang='lat' dir='ltr'><strong><em>quod</em></strong></span> <span class='ocrx_word' id='word_1_64' title='bbox 667 1255 700 1292; x_wconf 85' lang='lat' dir='ltr'><strong><em>ex</em></strong></span> <span class='ocrx_word' id='word_1_65' title='bbox 717 1241 762 1292; x_wconf 91' lang='lat' dir='ltr'><strong><em>rot</em></strong></span> <span class='ocrx_word' id='word_1_66' title='bbox 764 1254 781 1292; x_wconf 86' lang='lat' dir='ltr'><strong><em>a</em></strong></span> <span class='ocrx_word' id='word_1_67' title='bbox 799 1238 879 1310; x_wconf 87' lang='lat' dir='ltr'><strong><em>figuli</em></strong></span> <span class='ocrx_word' id='word_1_68' title='bbox 895 1239 1029 1309; x_wconf 84' lang='lat' dir='ltr'><strong><em>Nigidius</em></strong></span> <span class='ocrx_word' id='word_1_69' title='bbox 1048 1239 1149 1298; x_wconf 85' lang='lat' dir='ltr'><strong><em>mathe-</em></strong></span> 
     </span>
     <span class='ocr_line' id='line_1_12' title="bbox 136 1309 1149 1380; baseline -0.001 -18"><span class='ocrx_word' id='word_1_70' title='bbox 136 1310 256 1363; x_wconf 87' lang='lat' dir='ltr'><strong><em>maticus</em></strong></span> <span class='ocrx_word' id='word_1_71' title='bbox 276 1309 464 1379; x_wconf 75' lang='lat' dir='ltr'><strong><em>adsumpsit</em></strong></span> <span class='ocrx_word' id='word_1_72' title='bbox 456 1329 486 1364; x_wconf 91' lang='lat'><strong><em>111</em></strong></span> <span class='ocrx_word' id='word_1_73' title='bbox 509 1311 674 1380; x_wconf 86' lang='lat' dir='ltr'><strong><em>quaestione</em></strong></span> <span class='ocrx_word' id='word_1_74' title='bbox 697 1310 894 1380; x_wconf 87' lang='lat' dir='ltr'><strong><em>geminorum&#39;.</em></strong></span> <span class='ocrx_word' id='word_1_75' title='bbox 930 1310 1036 1364; x_wconf 80' lang='lat' dir='ltr'><strong><em>frustra</em></strong></span> <span class='ocrx_word' id='word_1_76' title='bbox 1059 1309 1149 1377; x_wconf 84' lang='lat' dir='ltr'><strong><em>itaque</em></strong></span> 
     </span>
     <span class='ocr_line' id='line_1_13' title="bbox 138 1380 1149 1464; baseline -0.001 -30"><span class='ocrx_word' id='word_1_77' title='bbox 138 1381 265 1434; x_wconf 78' lang='lat' dir='ltr'><strong><em>adfertur</em></strong></span> <span class='ocrx_word' id='word_1_78' title='bbox 274 1381 368 1434; x_wconf 88' lang='lat' dir='ltr'><strong><em>nobile</em></strong></span> <span class='ocrx_word' id='word_1_79' title='bbox 382 1381 455 1434; x_wconf 89' lang='lat' dir='ltr'><strong><em>illud</em></strong></span> <span class='ocrx_word' id='word_1_80' title='bbox 469 1385 657 1436; x_wconf 90' lang='lat' dir='ltr'><strong><em>commentum</em></strong></span> <span class='ocrx_word' id='word_1_81' title='bbox 667 1382 702 1434; x_wconf 90' lang='lat' dir='ltr'><strong><em>de</em></strong></span> <span class='ocrx_word' id='word_1_82' title='bbox 712 1380 792 1450; x_wconf 87' lang='lat' dir='ltr'><strong><em>figuli</em></strong></span> <span class='ocrx_word' id='word_1_83' title='bbox 802 1384 872 1448; x_wconf 88' lang='grc' dir='ltr'>ιοιι</span> <span class='ocrx_word' id='word_1_84' title='bbox 887 1381 962 1450; x_wconf 90' lang='lat' dir='ltr'><strong><em>quod</em></strong></span> <span class='ocrx_word' id='word_1_85' title='bbox 977 1381 1149 1464; x_wconf 88' lang='lat' dir='ltr'><strong><em>respondisse</em></strong></span> 
     </span>
     <span class='ocr_line' id='line_1_14' title="bbox 137 1425 1149 1534; baseline 0 -29"><span class='ocrx_word' id='word_1_86' title='bbox 137 1453 232 1505; x_wconf 88' lang='lat' dir='ltr'><strong><em>ferunt</em></strong></span> <span class='ocrx_word' id='word_1_87' title='bbox 245 1451 393 1522; x_wconf 85' lang='lat' dir='ltr'><strong><em>Nigidium</em></strong></span> <span class='ocrx_word' id='word_1_88' title='bbox 412 1453 465 1506; x_wconf 89' lang='lat' dir='ltr'><strong><em>hac</em></strong></span> <span class='ocrx_word' id='word_1_89' title='bbox 484 1453 649 1534; x_wconf 75' lang='lat' dir='ltr'><strong><em>quaestione</em></strong></span> <span class='ocrx_word' id='word_1_90' title='bbox 666 1451 822 1519; x_wconf 86' lang='lat' dir='ltr'><strong><em>turbatum,</em></strong></span> <span class='ocrx_word' id='word_1_91' title='bbox 841 1425 916 1507; x_wconf 81' lang='lat' dir='ltr'><strong><em>uirde</em></strong></span> <span class='ocrx_word' id='word_1_92' title='bbox 931 1456 959 1506; x_wconf 92' lang='lat' dir='ltr'><strong><em>et</em></strong></span> <span class='ocrx_word' id='word_1_93' title='bbox 974 1452 1092 1517; x_wconf 73' lang='lat' dir='ltr'><strong><em>Figulus</em></strong></span> <span class='ocrx_word' id='word_1_94' title='bbox 1105 1452 1149 1506; x_wconf 85' lang='lat' dir='ltr'><strong><em>ad·</em></strong></span> 
     </span>
     <span class='ocr_line' id='line_1_15' title="bbox 137 1523 1149 1594; baseline -0.001 -18"><span class='ocrx_word' id='word_1_95' title='bbox 137 1523 259 1592; x_wconf 77' lang='lat' dir='ltr'><strong><em>pellatur</em></strong></span> <span class='ocrx_word' id='word_1_96' title='bbox 278 1526 328 1577; x_wconf 91' lang='lat' dir='ltr'><strong><em>est.</em></strong></span> <span class='ocrx_word' id='word_1_97' title='bbox 309 1524 434 1576; x_wconf 91' lang='lat' dir='ltr'><strong><em>tdum</em></strong></span> <span class='ocrx_word' id='word_1_98' title='bbox 453 1524 527 1577; x_wconf 89' lang='lat' dir='ltr'><strong><em>enim</em></strong></span> <span class='ocrx_word' id='word_1_99' title='bbox 546 1527 636 1577; x_wconf 88' lang='lat' dir='ltr'><strong><em>rotam</em></strong></span> <span class='ocrx_word' id='word_1_100' title='bbox 655 1524 736 1594; x_wconf 87' lang='lat' dir='ltr'><strong><em>figuli</em></strong></span> <span class='ocrx_word' id='word_1_101' title='bbox 755 1524 782 1576; x_wconf 94' lang='lat' dir='ltr'><strong><em>vi</em></strong></span> <span class='ocrx_word' id='word_1_102' title='bbox 801 1540 858 1591; x_wconf 89' lang='lat' dir='ltr'><strong><em>qua</em></strong></span> <span class='ocrx_word' id='word_1_103' title='bbox 876 1523 970 1592; x_wconf 90' lang='lat' dir='ltr'><strong><em>potuit</em></strong></span> <span class='ocrx_word' id='word_1_104' title='bbox 988 1524 1149 1589; x_wconf 83' lang='lat' dir='ltr'><strong><em>intorsisset,</em></strong></span> 
     </span>
     <span class='ocr_line' id='line_1_16' title="bbox 137 1594 1149 1662; baseline -0.001 -13"><span class='ocrx_word' id='word_1_105' title='bbox 137 1598 265 1649; x_wconf 87' lang='lat' dir='ltr'><strong><em>currente</em></strong></span> <span class='ocrx_word' id='word_1_106' title='bbox 284 1594 335 1647; x_wconf 90' lang='lat' dir='ltr'><strong><em>illa</em></strong></span> <span class='ocrx_word' id='word_1_107' title='bbox 349 1594 393 1648; x_wconf 88' lang='lat' dir='ltr'><strong><em>bis</em></strong></span> <span class='ocrx_word' id='word_1_108' title='bbox 412 1611 526 1649; x_wconf 87' lang='lat' dir='ltr'><strong><em>numero</em></strong></span> <span class='ocrx_word' id='word_1_109' title='bbox 542 1596 577 1648; x_wconf 90' lang='lat' dir='ltr'><strong><em>dc</em></strong></span> <span class='ocrx_word' id='word_1_110' title='bbox 596 1599 755 1649; x_wconf 88' lang='lat' dir='ltr'><strong><em>atramento</em></strong></span> <span class='ocrx_word' id='word_1_111' title='bbox 775 1598 920 1662; x_wconf 86' lang='lat' dir='ltr'><strong><em>tamquam</em></strong></span> <span class='ocrx_word' id='word_1_112' title='bbox 938 1612 994 1650; x_wconf 92' lang='lat' dir='ltr'><strong><em>uno</em></strong></span> <span class='ocrx_word' id='word_1_113' title='bbox 1014 1596 1075 1648; x_wconf 91' lang='lat' dir='ltr'><strong><em>eius</em></strong></span> <span class='ocrx_word' id='word_1_114' title='bbox 1094 1594 1149 1648; x_wconf 89' lang='lat' dir='ltr'><strong><em>loco</em></strong></span> 
     </span>
     <span class='ocr_line' id='line_1_17' title="bbox 138 1665 1149 1736; baseline -0.001 -17"><span class='ocrx_word' id='word_1_115' title='bbox 138 1683 247 1720; x_wconf 89' lang='lat' dir='ltr'><strong><em>summa</em></strong></span> <span class='ocrx_word' id='word_1_116' title='bbox 273 1665 417 1719; x_wconf 87' lang='lat' dir='ltr'><strong><em>celertitae</em></strong></span> <span class='ocrx_word' id='word_1_117' title='bbox 390 1667 594 1735; x_wconf 78' lang='lat' dir='ltr'><strong><em>tpcrcussit3</em></strong></span> <span class='ocrx_word' id='word_1_118' title='bbox 621 1666 722 1721; x_wconf 89' lang='lat' dir='ltr'><strong><em>deinde</em></strong></span> <span class='ocrx_word' id='word_1_119' title='bbox 749 1667 863 1720; x_wconf 91' lang='lat' dir='ltr'><strong><em>inventa</em></strong></span> <span class='ocrx_word' id='word_1_120' title='bbox 887 1670 952 1720; x_wconf 90' lang='lat' dir='ltr'><strong><em>sunt</em></strong></span> <span class='ocrx_word' id='word_1_121' title='bbox 976 1667 1059 1736; x_wconf 88' lang='lat' dir='ltr'><strong><em>signa</em></strong></span> <span class='ocrx_word' id='word_1_122' title='bbox 1083 1681 1149 1735; x_wconf 89' lang='lat' dir='ltr'><strong><em>quae</em></strong></span> 
     </span>
     <span class='ocr_line' id='line_1_18' title="bbox 137 1736 1149 1806; baseline -0.001 -16"><span class='ocrx_word' id='word_1_123' title='bbox 137 1739 236 1792; x_wconf 88' lang='lat' dir='ltr'><strong><em>fixerat</em></strong></span> <span class='ocrx_word' id='word_1_124' title='bbox 261 1737 414 1791; x_wconf 89' lang='lat' dir='ltr'><strong><em>desistente</em></strong></span> <span class='ocrx_word' id='word_1_125' title='bbox 440 1740 527 1805; x_wconf 90' lang='lat' dir='ltr'><strong><em>motu</em></strong></span> <span class='ocrx_word' id='word_1_126' title='bbox 552 1754 608 1791; x_wconf 93' lang='lat' dir='ltr'><strong><em>non</em></strong></span> <span class='ocrx_word' id='word_1_127' title='bbox 633 1754 719 1806; x_wconf 90' lang='lat' dir='ltr'><strong><em>parvo</em></strong></span> <span class='ocrx_word' id='word_1_128' title='bbox 744 1736 925 1792; x_wconf 85' lang='lat' dir='ltr'><strong><em>intervallo&#39;</em></strong></span> <span class='ocrx_word' id='word_1_129' title='bbox 917 1756 947 1791; x_wconf 81' lang='lat' dir='ltr'><strong><em>in</em></strong></span> <span class='ocrx_word' id='word_1_130' title='bbox 972 1741 1053 1791; x_wconf 87' lang='lat' dir='ltr'><strong><em>rotae</em></strong></span> <span class='ocrx_word' id='word_1_131' title='bbox 1078 1736 1149 1790; x_wconf 87' lang='lat' dir='ltr'><strong><em>illius</em></strong></span> 
     </span>
     <span class='ocr_line' id='line_1_19' title="bbox 137 1807 1149 1879; baseline -0.002 -16"><span class='ocrx_word' id='word_1_132' title='bbox 137 1826 171 1863; x_wconf 85' lang='lat' dir='ltr'><strong><em>ex</em></strong></span> <span class='ocrx_word' id='word_1_133' title='bbox 172 1809 316 1862; x_wconf 86' lang='lat' dir='ltr'><strong><em>tremitatc</em></strong></span> <span class='ocrx_word' id='word_1_134' title='bbox 288 1808 449 1862; x_wconf 84' lang='lat' dir='ltr'><strong><em>tdistt</em></strong></span> <span class='ocrx_word' id='word_1_135' title='bbox 387 1811 449 1862; x_wconf 85' lang='lat' dir='ltr'><strong><em>ttan</em></strong></span> <span class='ocrx_word' id='word_1_136' title='bbox 448 1809 486 1862; x_wconf 84' lang='lat' dir='ltr'><strong><em>ia.</em></strong></span> <span class='ocrx_word' id='word_1_137' title='bbox 527 1809 589 1862; x_wconf 86' lang='lat' dir='ltr'><strong><em>sic&#39;</em></strong></span> <span class='ocrx_word' id='word_1_138' title='bbox 610 1808 732 1877; x_wconf 85' lang='lat' dir='ltr'><strong><em>inquit‘</em></strong></span> <span class='ocrx_word' id='word_1_139' title='bbox 735 1808 765 1862; x_wconf 91' lang='lat' dir='ltr'><strong><em>in</em></strong></span> <span class='ocrx_word' id='word_1_140' title='bbox 788 1810 873 1862; x_wconf 89' lang='lat' dir='ltr'><strong><em>tanta</em></strong></span> <span class='ocrx_word' id='word_1_141' title='bbox 891 1809 1050 1879; x_wconf 77' lang='lat' dir='ltr'><strong><em>rapacitate</em></strong></span> <span class='ocrx_word' id='word_1_142' title='bbox 1074 1807 1149 1874; x_wconf 89' lang='lat' dir='ltr'><strong><em>caeli,</em></strong></span> 
     </span>
     <span class='ocr_line' id='line_1_20' title="bbox 138 1878 1150 1960; baseline -0.002 -26"><span class='ocrx_word' id='word_1_143' title='bbox 138 1879 249 1934; x_wconf 83' lang='lat' dir='ltr'><strong><em>etiamsi</em></strong></span> <span class='ocrx_word' id='word_1_144' title='bbox 275 1880 347 1960; x_wconf 79' lang='lat' dir='ltr'><strong><em>alter</em></strong></span> <span class='ocrx_word' id='word_1_145' title='bbox 368 1883 434 1951; x_wconf 89' lang='lat' dir='ltr'><strong><em>post</em></strong></span> <span class='ocrx_word' id='word_1_146' title='bbox 459 1880 579 1933; x_wconf 87' lang='lat' dir='ltr'><strong><em>alterum</em></strong></span> <span class='ocrx_word' id='word_1_147' title='bbox 602 1883 684 1934; x_wconf 90' lang='lat' dir='ltr'><strong><em>tanta</em></strong></span> <span class='ocrx_word' id='word_1_148' title='bbox 710 1878 853 1935; x_wconf 87' lang='lat' dir='ltr'><strong><em>celeritate</em></strong></span> <span class='ocrx_word' id='word_1_149' title='bbox 879 1882 1021 1946; x_wconf 87' lang='lat' dir='ltr'><strong><em>nascatur,</em></strong></span> <span class='ocrx_word' id='word_1_150' title='bbox 1048 1883 1150 1948; x_wconf 87' lang='lat' dir='ltr'><strong><em>quanta</em></strong></span> 
     </span>
     <span class='ocr_line' id='line_1_21' title="bbox 137 1949 1162 2021; baseline 0 -18"><span class='ocrx_word' id='word_1_151' title='bbox 137 1955 228 2006; x_wconf 91' lang='lat' dir='ltr'><strong><em>rotam</em></strong></span> <span class='ocrx_word' id='word_1_152' title='bbox 251 1949 326 2004; x_wconf 88' lang='lat' dir='ltr'><strong><em>bie</em></strong></span> <span class='ocrx_word' id='word_1_153' title='bbox 318 1967 379 2019; x_wconf 85' lang='lat' dir='ltr'><strong><em>rpsc</em></strong></span> <span class='ocrx_word' id='word_1_154' title='bbox 401 1950 535 2020; x_wconf 87' lang='lat' dir='ltr'><strong><em>percussi</em></strong></span> <span class='ocrx_word' id='word_1_155' title='bbox 561 1955 591 2003; x_wconf 91' lang='lat' dir='ltr'><strong><em>in</em></strong></span> <span class='ocrx_word' id='word_1_156' title='bbox 615 1951 686 2004; x_wconf 88' lang='lat' dir='ltr'><strong><em>caeli</em></strong></span> <span class='ocrx_word' id='word_1_157' title='bbox 710 1952 803 2021; x_wconf 88' lang='lat' dir='ltr'><strong><em>spatio</em></strong></span> <span class='ocrx_word' id='word_1_158' title='bbox 829 1951 981 2020; x_wconf 89' lang='lat' dir='ltr'><strong><em>plurimum</em></strong></span> <span class='ocrx_word' id='word_1_159' title='bbox 1005 1954 1062 2018; x_wconf 78' lang='grc' dir='ltr'>ιιι;</span> <span class='ocrx_word' id='word_1_160' title='bbox 1088 1950 1162 2021; x_wconf 78' lang='grc' dir='ltr'>Ιιίιιο</span> 
     </span>
     <span class='ocr_line' id='line_1_22' title="bbox 138 2021 1150 2118; baseline -0.002 -42"><span class='ocrx_word' id='word_1_161' title='bbox 138 2024 213 2076; x_wconf 89' lang='lat' dir='ltr'><strong><em>sunt’</em></strong></span> <span class='ocrx_word' id='word_1_162' title='bbox 233 2022 355 2091; x_wconf 85' lang='lat' dir='ltr'><strong><em>inquit‘</em></strong></span> <span class='ocrx_word' id='word_1_163' title='bbox 358 2038 551 2118; x_wconf 86' lang='lat' dir='ltr'><strong><em>quaecumque</em></strong></span> <span class='ocrx_word' id='word_1_164' title='bbox 571 2022 761 2076; x_wconf 87' lang='lat' dir='ltr'><strong><em>dissimillima</em></strong></span> <span class='ocrx_word' id='word_1_165' title='bbox 779 2021 990 2092; x_wconf 87' lang='lat' dir='ltr'><strong><em>perhibentur</em></strong></span> <span class='ocrx_word' id='word_1_166' title='bbox 981 2040 1012 2075; x_wconf 91' lang='lat' dir='ltr'><strong><em>1n</em></strong></span> <span class='ocrx_word' id='word_1_167' title='bbox 1031 2022 1150 2076; x_wconf 84' lang='lat' dir='ltr'><strong><em>moribus</em></strong></span> 
     </span>
     <span class='ocr_line' id='line_1_23' title="bbox 138 2091 517 2162; baseline -0.003 -15"><span class='ocrx_word' id='word_1_168' title='bbox 138 2093 303 2160; x_wconf 87' lang='lat' dir='ltr'><strong><em>casibusque</em></strong></span> <span class='ocrx_word' id='word_1_169' title='bbox 322 2091 517 2162; x_wconf 88' lang='lat' dir='ltr'><strong><em>geminorum’.</em></strong></span> 
     </span>
    </p>

    <p class='ocr_par' dir='ltr' id='par_1_6' title="bbox 210 2163 1149 2236">
     <span class='ocr_line' id='line_1_24' title="bbox 210 2163 1149 2236; baseline -0.003 -17"><span class='ocrx_word' id='word_1_170' title='bbox 210 2171 234 2219; x_wconf 89' lang='lat'><strong><em>3.</em></strong></span> <span class='ocrx_word' id='word_1_171' title='bbox 254 2165 370 2218; x_wconf 80' lang='lat' dir='ltr'><strong><em>Hieron.</em></strong></span> <span class='ocrx_word' id='word_1_172' title='bbox 381 2167 418 2218; x_wconf 87' lang='lat' dir='ltr'><strong><em>ad</em></strong></span> <span class='ocrx_word' id='word_1_173' title='bbox 432 2166 532 2220; x_wconf 86' lang='lat' dir='ltr'><strong><em>Easeb.</em></strong></span> <span class='ocrx_word' id='word_1_174' title='bbox 548 2166 639 2220; x_wconf 81' lang='lat' dir='ltr'><strong><em>chron.</em></strong></span> <span class='ocrx_word' id='word_1_175' title='bbox 655 2166 688 2219; x_wconf 85' lang='lat' dir='ltr'><strong><em>ol.</em></strong></span> <span class='ocrx_word' id='word_1_176' title='bbox 701 2170 754 2220; x_wconf 85' lang='grc'>183</span> <span class='ocrx_word' id='word_1_177' title='bbox 754 2165 848 2236; x_wconf 79' lang='lat'><strong>,4[=</strong></span> <span class='ocrx_word' id='word_1_178' title='bbox 859 2183 885 2220; x_wconf 91' lang='grc' dir='ltr'><strong><em>ιι.</em></strong></span> <span class='ocrx_word' id='word_1_179' title='bbox 897 2165 1006 2236; x_wconf 70' lang='lat' dir='ltr'><strong><em>rosseo]</em></strong></span> <span class='ocrx_word' id='word_1_180' title='bbox 1021 2163 1149 2235; x_wconf 87' lang='lat' dir='ltr'><strong><em>Nigidius</em></strong></span> 
     </span>
    </p>

    <p class='ocr_par' dir='ltr' id='par_1_7' title="bbox 122 2235 1151 3568">
     <span class='ocr_line' id='line_1_25' title="bbox 139 2235 1151 2304; baseline 0 -16"><span class='ocrx_word' id='word_1_181' title='bbox 139 2236 255 2304; x_wconf 86' lang='lat' dir='ltr'><strong><em>Figulus</em></strong></span> <span class='ocrx_word' id='word_1_182' title='bbox 266 2235 469 2304; x_wconf 81' lang='lat' dir='ltr'><strong><em>Pythagoricus</em></strong></span> <span class='ocrx_word' id='word_1_183' title='bbox 485 2239 513 2289; x_wconf 94' lang='lat' dir='ltr'><strong><em>et</em></strong></span> <span class='ocrx_word' id='word_1_184' title='bbox 526 2253 626 2304; x_wconf 90' lang='lat' dir='ltr'><strong><em>magus</em></strong></span> <span class='ocrx_word' id='word_1_185' title='bbox 640 2235 670 2288; x_wconf 93' lang='lat' dir='ltr'><strong><em>in</em></strong></span> <span class='ocrx_word' id='word_1_186' title='bbox 685 2235 784 2290; x_wconf 85' lang='lat' dir='ltr'><strong><em>exsilio</em></strong></span> <span class='ocrx_word' id='word_1_187' title='bbox 799 2236 925 2290; x_wconf 90' lang='lat' dir='ltr'><strong><em>moritur.</em></strong></span> <span class='ocrx_word' id='word_1_188' title='bbox 945 2253 1039 2290; x_wconf 79' lang='grc' dir='ltr'>ιιιιιιιιι</span> <span class='ocrx_word' id='word_1_189' title='bbox 1052 2237 1151 2291; x_wconf 66' lang='lat' dir='ltr'><strong><em>rectula</em></strong></span> 
     </span>
     <span class='ocr_line' id='line_1_26' title="bbox 132 2306 1151 2380; baseline 0.003 -20"><span class='ocrx_word' id='word_1_190' title='bbox 132 2310 269 2377; x_wconf 81' lang='lat' dir='ltr'><strong><em>posterior</em></strong></span> <span class='ocrx_word' id='word_1_191' title='bbox 286 2324 343 2361; x_wconf 83' lang='grc' dir='ltr'>ιιοιι</span> <span class='ocrx_word' id='word_1_192' title='bbox 361 2314 399 2361; x_wconf 84' lang='lat' dir='ltr'><strong><em>est</em></strong></span> <span class='ocrx_word' id='word_1_193' title='bbox 417 2325 499 2376; x_wconf 80' lang='lat' dir='ltr'><strong><em>quarn</em></strong></span> <span class='ocrx_word' id='word_1_194' title='bbox 518 2306 624 2380; x_wconf 85' lang='grc'>655199,</span> <span class='ocrx_word' id='word_1_195' title='bbox 647 2325 708 2361; x_wconf 83' lang='lat' dir='ltr'><strong><em>cane</em></strong></span> <span class='ocrx_word' id='word_1_196' title='bbox 726 2308 862 2378; x_wconf 71' lang='lat' dir='ltr'><strong><em>Nigidius</em></strong></span> <span class='ocrx_word' id='word_1_197' title='bbox 880 2325 906 2362; x_wconf 87' lang='lat' dir='ltr'><strong><em>a.</em></strong></span> <span class='ocrx_word' id='word_1_198' title='bbox 926 2307 1028 2378; x_wconf 86' lang='grc'>695159</span> <span class='ocrx_word' id='word_1_199' title='bbox 1043 2314 1151 2376; x_wconf 80' lang='lat' dir='ltr'><strong><em>praetor</em></strong></span> 
     </span>
     <span class='ocr_line' id='line_1_27' title="bbox 150 2384 356 2432; baseline -0.005 0"><span class='ocrx_word' id='word_1_200' title='bbox 150 2396 210 2432; x_wconf 82' lang='lat' dir='ltr'><strong><em>aere</em></strong></span> <span class='ocrx_word' id='word_1_201' title='bbox 249 2384 339 2432; x_wconf 83' lang='lat' dir='ltr'><strong><em>tes.6</em></strong></span> <span class='ocrx_word' id='word_1_202' title='bbox 351 2422 356 2432; x_wconf 91' lang='lat'><strong><em>.</em></strong></span> 
     </span>
     <span class='ocr_line' id='line_1_28' title="bbox 134 2380 1151 2522; baseline -0.001 -20"><span class='ocrx_word' id='word_1_203' title='bbox 134 2380 153 2444; x_wconf 65' lang='lat' dir='ltr'><strong><em>s</em></strong></span> <span class='ocrx_word' id='word_1_204' title='bbox 206 2380 308 2503; x_wconf 67' lang='grc'>1.(011.</span> <span class='ocrx_word' id='word_1_205' title='bbox 325 2381 378 2518; x_wconf 74' lang='lat' dir='ltr'><strong><em>piro</em></strong></span> <span class='ocrx_word' id='word_1_206' title='bbox 397 2449 476 2504; x_wconf 80' lang='lat' dir='ltr'><strong><em>Sulla</em></strong></span> <span class='ocrx_word' id='word_1_207' title='bbox 490 2454 523 2503; x_wconf 75' lang='lat'><strong><em>41</em></strong></span> <span class='ocrx_word' id='word_1_208' title='bbox 545 2450 582 2521; x_wconf 90' lang='grc' dir='ltr'><strong><em>[α.</em></strong></span> <span class='ocrx_word' id='word_1_209' title='bbox 598 2449 707 2522; x_wconf 88' lang='grc'>6911631</span> <span class='ocrx_word' id='word_1_210' title='bbox 726 2448 896 2503; x_wconf 85' lang='lat' dir='ltr'><strong><em>introductis</em></strong></span> <span class='ocrx_word' id='word_1_211' title='bbox 915 2449 944 2502; x_wconf 93' lang='lat' dir='ltr'><strong><em>in</em></strong></span> <span class='ocrx_word' id='word_1_212' title='bbox 964 2452 1095 2503; x_wconf 89' lang='lat' dir='ltr'><strong><em>senatum</em></strong></span> <span class='ocrx_word' id='word_1_213' title='bbox 1113 2447 1151 2501; x_wconf 90' lang='lat' dir='ltr'><strong><em>in·</em></strong></span> 
     </span>
     <span class='ocr_line' id='line_1_29' title="bbox 139 2520 1151 2589; baseline 0.001 -15"><span class='ocrx_word' id='word_1_214' title='bbox 139 2520 247 2574; x_wconf 89' lang='lat' dir='ltr'><strong><em>dicibus</em></strong></span> <span class='ocrx_word' id='word_1_215' title='bbox 263 2521 397 2574; x_wconf 87' lang='lat' dir='ltr'><strong><em>constitui</em></strong></span> <span class='ocrx_word' id='word_1_216' title='bbox 412 2523 562 2586; x_wconf 88' lang='lat' dir='ltr'><strong><em>senatores,</em></strong></span> <span class='ocrx_word' id='word_1_217' title='bbox 578 2521 626 2588; x_wconf 89' lang='lat' dir='ltr'><strong><em>qui</em></strong></span> <span class='ocrx_word' id='word_1_218' title='bbox 641 2521 735 2575; x_wconf 91' lang='lat' dir='ltr'><strong><em>omnia</em></strong></span> <span class='ocrx_word' id='word_1_219' title='bbox 749 2521 875 2574; x_wconf 86' lang='lat' dir='ltr'><strong><em>indicum</em></strong></span> <span class='ocrx_word' id='word_1_220' title='bbox 889 2520 967 2573; x_wconf 82' lang='lat' dir='ltr'><strong><em>dicta</em></strong></span> <span class='ocrx_word' id='word_1_221' title='bbox 980 2521 1151 2589; x_wconf 75' lang='lat' dir='ltr'><strong><em>interrogata</em></strong></span> 
     </span>
     <span class='ocr_line' id='line_1_30' title="bbox 138 2590 1150 2661; baseline -0.003 -15"><span class='ocrx_word' id='word_1_222' title='bbox 138 2608 272 2661; x_wconf 89' lang='lat' dir='ltr'><strong><em>responsa</em></strong></span> <span class='ocrx_word' id='word_1_223' title='bbox 304 2592 516 2660; x_wconf 89' lang='lat' dir='ltr'><strong><em>perscriberent</em></strong></span> <span class='ocrx_word' id='word_1_224' title='bbox 563 2595 594 2646; x_wconf 86' lang='grc' dir='ltr'><strong><em>ιι</em></strong></span> <span class='ocrx_word' id='word_1_225' title='bbox 621 2610 690 2660; x_wconf 84' lang='lat' dir='ltr'><strong><em>quoe</em></strong></span> <span class='ocrx_word' id='word_1_226' title='bbox 719 2592 805 2645; x_wconf 89' lang='lat' dir='ltr'><strong><em>viros!</em></strong></span> <span class='ocrx_word' id='word_1_227' title='bbox 842 2609 899 2645; x_wconf 92' lang='lat' dir='ltr'><strong><em>non</em></strong></span> <span class='ocrx_word' id='word_1_228' title='bbox 927 2590 1018 2646; x_wconf 88' lang='lat' dir='ltr'><strong><em>solum</em></strong></span> <span class='ocrx_word' id='word_1_229' title='bbox 1047 2607 1150 2644; x_wconf 88' lang='lat' dir='ltr'><strong><em>summa</em></strong></span> 
     </span>
     <span class='ocr_line' id='line_1_31' title="bbox 139 2663 1150 2733; baseline -0.002 -17"><span class='ocrx_word' id='word_1_230' title='bbox 139 2665 241 2717; x_wconf 82' lang='lat' dir='ltr'><strong><em>virtute</em></strong></span> <span class='ocrx_word' id='word_1_231' title='bbox 261 2666 289 2716; x_wconf 91' lang='lat' dir='ltr'><strong><em>et</em></strong></span> <span class='ocrx_word' id='word_1_232' title='bbox 308 2665 371 2730; x_wconf 91' lang='lat' dir='ltr'><strong><em>fide</em></strong></span> <span class='ocrx_word' id='word_1_233' title='bbox 396 2664 474 2717; x_wconf 89' lang='lat' dir='ltr'><strong><em>cuius</em></strong></span> <span class='ocrx_word' id='word_1_234' title='bbox 493 2664 603 2733; x_wconf 87' lang='lat' dir='ltr'><strong><em>generis</em></strong></span> <span class='ocrx_word' id='word_1_235' title='bbox 622 2663 709 2717; x_wconf 86' lang='lat' dir='ltr'><strong><em>erat&#39;</em></strong></span> <span class='ocrx_word' id='word_1_236' title='bbox 701 2681 731 2716; x_wconf 89' lang='lat' dir='ltr'><strong><em>m</em></strong></span> <span class='ocrx_word' id='word_1_237' title='bbox 754 2665 854 2716; x_wconf 88' lang='lat' dir='ltr'><strong><em>senatu</em></strong></span> <span class='ocrx_word' id='word_1_238' title='bbox 877 2663 999 2716; x_wconf 85' lang='lat' dir='ltr'><strong><em>facultas</em></strong></span> <span class='ocrx_word' id='word_1_239' title='bbox 1023 2663 1150 2726; x_wconf 84' lang='lat' dir='ltr'><strong><em>maxima,</em></strong></span> 
     </span>
     <span class='ocr_line' id='line_1_32' title="bbox 138 2704 1150 2802; baseline -0.005 -14"><span class='ocrx_word' id='word_1_240' title='bbox 138 2735 292 2789; x_wconf 88' lang='lat' dir='ltr'><strong><em>sedetiam</em></strong></span> <span class='ocrx_word' id='word_1_241' title='bbox 312 2753 382 2802; x_wconf 91' lang='lat' dir='ltr'><strong><em>quos</em></strong></span> <span class='ocrx_word' id='word_1_242' title='bbox 401 2734 524 2788; x_wconf 86' lang='lat' dir='ltr'><strong><em>sciebam</em></strong></span> <span class='ocrx_word' id='word_1_243' title='bbox 542 2734 677 2788; x_wconf 90' lang='lat' dir='ltr'><strong><em>memoria</em></strong></span> <span class='ocrx_word' id='word_1_244' title='bbox 701 2735 819 2788; x_wconf 89' lang='lat' dir='ltr'><strong><em>scientia</em></strong></span> <span class='ocrx_word' id='word_1_245' title='bbox 842 2733 987 2788; x_wconf 87' lang='lat' dir='ltr'><strong><em>celeritate</em></strong></span> <span class='ocrx_word' id='word_1_246' title='bbox 1013 2704 1150 2788; x_wconf 84' lang='lat' dir='ltr'><strong><em>scribendi</em></strong></span> 
     </span>
     <span class='ocr_line' id='line_1_33' title="bbox 140 2803 1150 2875; baseline 0.004 -18"><span class='ocrx_word' id='word_1_247' title='bbox 140 2806 275 2859; x_wconf 87' lang='lat' dir='ltr'><strong><em>facillime</em></strong></span> <span class='ocrx_word' id='word_1_248' title='bbox 304 2822 377 2874; x_wconf 87' lang='lat' dir='ltr'><strong><em>quae</em></strong></span> <span class='ocrx_word' id='word_1_249' title='bbox 404 2805 565 2859; x_wconf 87' lang='lat' dir='ltr'><strong><em>dicerentur</em></strong></span> <span class='ocrx_word' id='word_1_250' title='bbox 591 2806 723 2874; x_wconf 88' lang='lat' dir='ltr'><strong><em>persequi</em></strong></span> <span class='ocrx_word' id='word_1_251' title='bbox 749 2823 840 2875; x_wconf 86' lang='lat' dir='ltr'><strong><em>posse,</em></strong></span> <span class='ocrx_word' id='word_1_252' title='bbox 869 2805 897 2860; x_wconf 82' lang='grc' dir='ltr'><strong><em>Ο.</em></strong></span> <span class='ocrx_word' id='word_1_253' title='bbox 917 2803 1085 2861; x_wconf 83' lang='lat' dir='ltr'><strong><em>Cosconium</em></strong></span> <span class='ocrx_word' id='word_1_254' title='bbox 1112 2836 1150 2870; x_wconf 89' lang='lat'><strong><em>-‚</em></strong></span> 
     </span>
     <span class='ocr_line' id='line_1_34' title="bbox 138 2849 1149 2958; baseline -0.001 -30"><span class='ocrx_word' id='word_1_255' title='bbox 138 2877 175 2928; x_wconf 90' lang='lat' dir='ltr'><strong><em>M.</em></strong></span> <span class='ocrx_word' id='word_1_256' title='bbox 199 2877 419 2931; x_wconf 88' lang='lat' dir='ltr'><strong><em>Messallam—</em></strong></span> <span class='ocrx_word' id='word_1_257' title='bbox 422 2877 484 2945; x_wconf 90' lang='lat' dir='ltr'><strong><em>‚.P</em></strong></span> <span class='ocrx_word' id='word_1_258' title='bbox 503 2875 659 2958; x_wconf 89' lang='lat' dir='ltr'><strong><em>Nigidium</em></strong></span> <span class='ocrx_word' id='word_1_259' title='bbox 687 2878 759 2945; x_wconf 88' lang='lat' dir='ltr'><strong><em>App.</em></strong></span> <span class='ocrx_word' id='word_1_260' title='bbox 784 2849 942 2931; x_wconf 79' lang='lat' dir='ltr'><strong><em>Claudium.-</em></strong></span> <span class='ocrx_word' id='word_1_261' title='bbox 983 2876 1068 2931; x_wconf 86' lang='lat' dir='ltr'><strong><em>credo</em></strong></span> <span class='ocrx_word' id='word_1_262' title='bbox 1094 2891 1149 2930; x_wconf 87' lang='lat' dir='ltr'><strong><em>asse</em></strong></span> 
     </span>
     <span class='ocr_line' id='line_1_35' title="bbox 139 2947 1150 3028; baseline 0 -29"><span class='ocrx_word' id='word_1_263' title='bbox 139 2947 293 3014; x_wconf 86' lang='lat' dir='ltr'><strong><em>neminem</em></strong></span> <span class='ocrx_word' id='word_1_264' title='bbox 312 2947 370 3028; x_wconf 32' lang='lat' dir='ltr'><strong><em>‚qui</em></strong></span> <span class='ocrx_word' id='word_1_265' title='bbox 392 2947 437 3000; x_wconf 85' lang='lat' dir='ltr'><strong><em>his</em></strong></span> <span class='ocrx_word' id='word_1_266' title='bbox 462 2947 622 3002; x_wconf 87' lang='lat' dir='ltr'><strong><em>hominibus</em></strong></span> <span class='ocrx_word' id='word_1_267' title='bbox 649 2949 685 3002; x_wconf 88' lang='lat' dir='ltr'><strong><em>ad</em></strong></span> <span class='ocrx_word' id='word_1_268' title='bbox 708 2963 771 3001; x_wconf 88' lang='lat' dir='ltr'><strong><em>vere</em></strong></span> <span class='ocrx_word' id='word_1_269' title='bbox 797 2947 974 3003; x_wconf 88' lang='lat' dir='ltr'><strong><em>referendum</em></strong></span> <span class='ocrx_word' id='word_1_270' title='bbox 997 2950 1048 3002; x_wconf 88' lang='lat' dir='ltr'><strong><em>aut</em></strong></span> <span class='ocrx_word' id='word_1_271' title='bbox 1070 2947 1150 3000; x_wconf 91' lang='lat' dir='ltr'><strong><em>fidem</em></strong></span> 
     </span>
     <span class='ocr_line' id='line_1_36' title="bbox 138 3018 1150 3090; baseline 0.001 -20"><span class='ocrx_word' id='word_1_272' title='bbox 138 3021 219 3087; x_wconf 88' lang='lat' dir='ltr'><strong><em>putet</em></strong></span> <span class='ocrx_word' id='word_1_273' title='bbox 238 3018 317 3072; x_wconf 89' lang='lat' dir='ltr'><strong><em>aut</em></strong></span> <span class='ocrx_word' id='word_1_274' title='bbox 309 3019 456 3088; x_wconf 88' lang='lat' dir='ltr'><strong><em>1ngcnium</em></strong></span> <span class='ocrx_word' id='word_1_275' title='bbox 479 3019 609 3074; x_wconf 89' lang='lat' dir='ltr'><strong><em>defuisse</em></strong></span> <span class='ocrx_word' id='word_1_276' title='bbox 647 3020 721 3074; x_wconf 77' lang='lat' dir='ltr'><strong><em>Pice.</em></strong></span> <span class='ocrx_word' id='word_1_277' title='bbox 754 3021 802 3073; x_wconf 80' lang='lat' dir='ltr'><strong><em>Aa</em></strong></span> <span class='ocrx_word' id='word_1_278' title='bbox 819 3021 879 3074; x_wconf 78' lang='lat' dir='ltr'><strong><em>seni</em></strong></span> <span class='ocrx_word' id='word_1_279' title='bbox 896 3037 965 3088; x_wconf 84' lang='lat' dir='ltr'><strong><em>resp.</em></strong></span> <span class='ocrx_word' id='word_1_280' title='bbox 984 3037 1040 3090; x_wconf 79' lang='lat' dir='ltr'><strong><em>per.</em></strong></span> <span class='ocrx_word' id='word_1_281' title='bbox 1064 3021 1100 3073; x_wconf 83' lang='lat' dir='ltr'><strong><em>sit</em></strong></span> <span class='ocrx_word' id='word_1_282' title='bbox 1116 3021 1150 3073; x_wconf 82' lang='grc'><em>27</em></span> 
     </span>
     <span class='ocr_line' id='line_1_37' title="bbox 139 3088 1149 3160; baseline 0.001 -17"><span class='ocrx_word' id='word_1_283' title='bbox 139 3089 265 3157; x_wconf 84' lang='grc' dir='ltr'>Κικέρων</span> <span class='ocrx_word' id='word_1_284' title='bbox 289 3088 319 3145; x_wconf 77' lang='grc' dir='ltr'><strong><em>δὲ</em></strong></span> <span class='ocrx_word' id='word_1_285' title='bbox 339 3090 424 3152; x_wconf 80' lang='grc' dir='ltr'><em>αὐτὸς</em></span> <span class='ocrx_word' id='word_1_286' title='bbox 446 3089 576 3160; x_wconf 78' lang='grc' dir='ltr'><strong><em>ὁμολογεῖ</em></strong></span> <span class='ocrx_word' id='word_1_287' title='bbox 596 3111 631 3144; x_wconf 80' lang='lat' dir='ltr'><strong><em>ea</em></strong></span> <span class='ocrx_word' id='word_1_288' title='bbox 650 3091 779 3145; x_wconf 74' lang='lat' dir='ltr'><strong><em>ruilliaco</em></strong></span> <span class='ocrx_word' id='word_1_289' title='bbox 803 3092 852 3145; x_wconf 84' lang='grc' dir='ltr'><strong><em>καί</em></strong></span> <span class='ocrx_word' id='word_1_290' title='bbox 877 3090 990 3160; x_wconf 70' lang='grc' dir='ltr'>μέγιστα</span> <span class='ocrx_word' id='word_1_291' title='bbox 1009 3099 1066 3145; x_wconf 75' lang='grc' dir='ltr'><strong><em>τῶν</em></strong></span> <span class='ocrx_word' id='word_1_292' title='bbox 1089 3107 1149 3158; x_wconf 82' lang='grc' dir='ltr'>σιμ-</span> 
     </span>
     <span class='ocr_line' id='line_1_38' title="bbox 140 3158 1150 3249; baseline -0.001 -35"><span class='ocrx_word' id='word_1_293' title='bbox 140 3161 343 3232; x_wconf 78' lang='grc' dir='ltr'>βοολιιμοίτωι,</span> <span class='ocrx_word' id='word_1_294' title='bbox 361 3158 403 3224; x_wconf 82' lang='grc' dir='ltr'><strong><em>οἷς</em></strong></span> <span class='ocrx_word' id='word_1_295' title='bbox 417 3161 577 3229; x_wconf 69' lang='lat' dir='ltr'><strong><em>deincre‘</em></strong></span> <span class='ocrx_word' id='word_1_296' title='bbox 565 3163 712 3222; x_wconf 80' lang='grc' dir='ltr'><strong><em>οπατεύων</em></strong></span> <span class='ocrx_word' id='word_1_297' title='bbox 726 3161 777 3230; x_wconf 83' lang='grc' dir='ltr'><strong><em>τὴν</em></strong></span> <span class='ocrx_word' id='word_1_298' title='bbox 791 3160 924 3230; x_wconf 73' lang='grc' dir='ltr'><strong><em>πατρίδα,</em></strong></span> <span class='ocrx_word' id='word_1_299' title='bbox 942 3161 1012 3229; x_wconf 77' lang='grc' dir='ltr'><strong><em>μετὰ</em></strong></span> <span class='ocrx_word' id='word_1_300' title='bbox 1026 3159 1150 3249; x_wconf 65' lang='grc' dir='ltr'>Πιπίίοι</span> 
     </span>
     <span class='ocr_line' id='line_1_39' title="bbox 138 3226 1149 3324; baseline -0.002 -39"><span class='ocrx_word' id='word_1_301' title='bbox 138 3230 273 3302; x_wconf 74' lang='grc' dir='ltr'>Νιγιδίου</span> <span class='ocrx_word' id='word_1_302' title='bbox 300 3241 350 3286; x_wconf 83' lang='grc' dir='ltr'><strong><em>τοῦ</em></strong></span> <span class='ocrx_word' id='word_1_303' title='bbox 379 3231 535 3302; x_wconf 81' lang='grc' dir='ltr'>φιλοσόφου</span> <span class='ocrx_word' id='word_1_304' title='bbox 564 3238 720 3288; x_wconf 79' lang='grc' dir='ltr'>συνθεῖναι.</span> <span class='ocrx_word' id='word_1_305' title='bbox 765 3234 967 3289; x_wconf 71' lang='lat' dir='ltr'><strong><em>Plataeae</em></strong></span> <span class='ocrx_word' id='word_1_306' title='bbox 995 3232 1010 3289; x_wconf 86' lang='grc' dir='ltr'><strong>ὁ</strong></span> <span class='ocrx_word' id='word_1_307' title='bbox 1012 3230 1137 3324; x_wconf 67' lang='lat' dir='ltr'><strong><em>paimei</em></strong></span> <span class='ocrx_word' id='word_1_308' title='bbox 1122 3226 1149 3284; x_wconf 75' lang='lat' dir='ltr'><strong><em>dl</em></strong></span> 
     </span>
     <span class='ocr_line' id='line_1_40' title="bbox 139 3253 1149 3396; baseline -0.001 -39"><span class='ocrx_word' id='word_1_309' title='bbox 139 3304 315 3373; x_wconf 79' lang='grc' dir='ltr'>[παρώξυνεν</span> <span class='ocrx_word' id='word_1_310' title='bbox 334 3303 482 3372; x_wconf 75' lang='grc' dir='ltr'>Κικέρωνα</span> <span class='ocrx_word' id='word_1_311' title='bbox 508 3306 554 3359; x_wconf 79' lang='grc' dir='ltr'><strong><em>ἐπί</em></strong></span> <span class='ocrx_word' id='word_1_312' title='bbox 578 3307 644 3367; x_wconf 78' lang='grc' dir='ltr'><strong><em>τοὺς</em></strong></span> <span class='ocrx_word' id='word_1_313' title='bbox 669 3305 788 3396; x_wconf 71' lang='lat' dir='ltr'><strong><em>ardeas]</em></strong></span> <span class='ocrx_word' id='word_1_314' title='bbox 816 3306 864 3358; x_wconf 82' lang='grc' dir='ltr'><strong><em>καί</em></strong></span> <span class='ocrx_word' id='word_1_315' title='bbox 888 3253 1047 3368; x_wconf 72' lang='grc' dir='ltr'><strong><em>Κόιντοςμο</em></strong></span> <span class='ocrx_word' id='word_1_316' title='bbox 1034 3325 1048 3358; x_wconf 93' lang='grc' dir='ltr'>ο</span> <span class='ocrx_word' id='word_1_317' title='bbox 1074 3304 1149 3357; x_wconf 75' lang='lat' dir='ltr'><strong><em>desl-</em></strong></span> 
     </span>
     <span class='ocr_line' id='line_1_41' title="bbox 136 3366 1150 3447; baseline -0.004 -17"><span class='ocrx_word' id='word_1_318' title='bbox 136 3376 193 3442; x_wconf 74' lang='grc' dir='ltr'><strong><em>φις</em></strong></span> <span class='ocrx_word' id='word_1_319' title='bbox 210 3375 259 3431; x_wconf 80' lang='lat' dir='ltr'><strong><em>nal</em></strong></span> <span class='ocrx_word' id='word_1_320' title='bbox 282 3384 338 3430; x_wconf 81' lang='grc' dir='ltr'><strong><em>τωι</em></strong></span> <span class='ocrx_word' id='word_1_321' title='bbox 362 3376 418 3430; x_wconf 82' lang='grc' dir='ltr'><strong><em>ἀπὸ</em></strong></span> <span class='ocrx_word' id='word_1_322' title='bbox 443 3373 611 3446; x_wconf 76' lang='grc' dir='ltr'>φιλοσοφίας</span> <span class='ocrx_word' id='word_1_323' title='bbox 634 3375 752 3442; x_wconf 79' lang='grc' dir='ltr'><strong><em>ἑταίρων</em></strong></span> <span class='ocrx_word' id='word_1_324' title='bbox 771 3373 897 3439; x_wconf 70' lang='grc' dir='ltr'>Πόπλιος</span> <span class='ocrx_word' id='word_1_325' title='bbox 915 3366 1099 3444; x_wconf 72' lang='grc' dir='ltr'>Νιγίδιος,</span> <span class='ocrx_word' id='word_1_326' title='bbox 1079 3395 1101 3447; x_wconf 81' lang='grc' dir='ltr'><em>ῳ</em></span> <span class='ocrx_word' id='word_1_327' title='bbox 1118 3371 1150 3427; x_wconf 77' lang='lat' dir='ltr'><strong><em>rit</em></strong></span> 
     </span>
     <span class='ocr_line' id='line_1_42' title="bbox 122 3445 1038 3568; baseline 0.004 -70"><span class='ocrx_word' id='word_1_328' title='bbox 122 3449 246 3503; x_wconf 73' lang='grc' dir='ltr'>πλεῖστοι</span> <span class='ocrx_word' id='word_1_329' title='bbox 264 3448 315 3504; x_wconf 77' lang='grc' dir='ltr'><strong><em>καί</em></strong></span> <span class='ocrx_word' id='word_1_330' title='bbox 333 3445 453 3522; x_wconf 74' lang='grc' dir='ltr'>μέγιστοι</span> <span class='ocrx_word' id='word_1_331' title='bbox 472 3447 554 3519; x_wconf 80' lang='grc' dir='ltr'><strong>παρὰ</strong></span> <span class='ocrx_word' id='word_1_332' title='bbox 571 3448 622 3514; x_wconf 81' lang='grc' dir='ltr'><strong><em>τὰς</em></strong></span> <span class='ocrx_word' id='word_1_333' title='bbox 640 3446 848 3514; x_wconf 71' lang='grc' dir='ltr'>ποιιτιιιοιςι</span> <span class='ocrx_word' id='word_1_334' title='bbox 801 3449 897 3568; x_wconf 38' lang='lat' dir='ltr'><strong><em>§Nm</em></strong></span> <span class='ocrx_word' id='word_1_335' title='bbox 915 3447 1038 3512; x_wconf 70' lang='grc' dir='ltr'>πράξεις</span> 
     </span>
    </p>

    <p class='ocr_par' dir='ltr' id='par_1_8' title="bbox 187 3517 1156 3596">
     <span class='ocr_line' id='line_1_43' title="bbox 187 3517 1156 3596; baseline -0.009 -22"><span class='ocrx_word' id='word_1_336' title='bbox 187 3524 214 3574; x_wconf 77' lang='lat'><strong><em>5.</em></strong></span> <span class='ocrx_word' id='word_1_337' title='bbox 239 3521 296 3578; x_wconf 69' lang='lat' dir='ltr'><strong><em>dre.</em></strong></span> <span class='ocrx_word' id='word_1_338' title='bbox 314 3525 355 3581; x_wconf 82' lang='lat' dir='ltr'><strong><em>ad</em></strong></span> <span class='ocrx_word' id='word_1_339' title='bbox 369 3527 432 3582; x_wconf 78' lang='lat' dir='ltr'><strong><em>Aa.</em></strong></span> <span class='ocrx_word' id='word_1_340' title='bbox 449 3529 518 3595; x_wconf 88' lang='grc'><em>2,2,</em></span> <span class='ocrx_word' id='word_1_341' title='bbox 529 3523 583 3596; x_wconf 91' lang='grc'><strong><em>31</em></strong></span> <span class='ocrx_word' id='word_1_342' title='bbox 567 3523 608 3596; x_wconf 80' lang='grc' dir='ltr'>1ιι.</span> <span class='ocrx_word' id='word_1_343' title='bbox 625 3517 814 3596; x_wconf 64' lang='grc' dir='ltr'>6941601ιι1</span> <span class='ocrx_word' id='word_1_344' title='bbox 849 3519 951 3568; x_wconf 74' lang='lat' dir='ltr'><strong><em>austu</em></strong></span> <span class='ocrx_word' id='word_1_345' title='bbox 953 3517 1156 3594; x_wconf 52' lang='lat' dir='ltr'><strong><em>cantitatos</em></strong></span> 
     </span>
    </p>

    <p class='ocr_par' dir='ltr' id='par_1_9' title="bbox 94 3582 1178 3671">
     <span class='ocr_line' id='line_1_44' title="bbox 94 3582 1178 3671; baseline -0.007 -33"><span class='ocrx_word' id='word_1_346' title='bbox 94 3584 131 3638; x_wconf 87' lang='lat' dir='ltr'><em>K</em></span> <span class='ocrx_word' id='word_1_347' title='bbox 127 3588 256 3650; x_wconf 75' lang='lat' dir='ltr'><strong><em>alendas</em></strong></span> <span class='ocrx_word' id='word_1_348' title='bbox 288 3598 404 3671; x_wconf 71' lang='lat' dir='ltr'><strong><em>venire</em></strong></span> <span class='ocrx_word' id='word_1_349' title='bbox 431 3598 604 3656; x_wconf 68' lang='lat' dir='ltr'><strong><em>Antonium</em></strong></span> <span class='ocrx_word' id='word_1_350' title='bbox 630 3612 692 3650; x_wconf 84' lang='lat' dir='ltr'><strong><em>non</em></strong></span> <span class='ocrx_word' id='word_1_351' title='bbox 714 3590 833 3645; x_wconf 66' lang='lat' dir='ltr'><strong><em>reniret</em></strong></span> <span class='ocrx_word' id='word_1_352' title='bbox 866 3582 981 3640; x_wconf 65' lang='lat' dir='ltr'><strong><em>&#39;iudices</em></strong></span> <span class='ocrx_word' id='word_1_353' title='bbox 1000 3582 1082 3648; x_wconf 61' lang='lat' dir='ltr'><strong><em>cogit</em></strong></span> <span class='ocrx_word' id='word_1_354' title='bbox 1113 3593 1178 3630; x_wconf 67' lang='lat' dir='ltr'><strong><em>nm</em></strong></span> 
     </span>
    </p>
   </div>
   <div class='ocr_carea' id='block_1_5' title="bbox 0 0 1207 3824">
    <p class='ocr_par' dir='ltr' id='par_1_10' title="bbox 0 0 1207 3824">
     <span class='ocr_line' id='line_1_45' title="bbox 0 0 1207 3824; baseline 0 0"><span class='ocrx_word' id='word_1_355' title='bbox 0 0 1207 3824; x_wconf 95' lang='lat' dir='ltr'><strong><em> </em></strong></span> 
     </span>
    </p>
   </div>
  </div>
 </body>
</html>
