2400 3824
111 178 177 242 294
260 178 466 233 Grammatioae
485 179 587 234 aetatis
606 179 798 234 Varroniano
816 179 978 250 fragmenta

111 339 243 392 extremis
261 340 455 403 terminantur,
475 339 618 393 vocalibus
637 341 762 408 quinque
780 357 798 393 a
816 357 832 394 e
850 340 861 393 i
879 358 896 394 o
914 358 934 393 n
948 371 984 380 -
1000 343 1031 394 et
1050 340 1128 394 semi·

111 409 256 463 vocalibus
275 428 321 463 sex
340 410 393 464 lm
408 429 426 463 ιι
440 429 482 464 rs
496 430 512 463 x
531 443 572 469 -.
592 411 662 464 item
680 416 760 465 muta
777 429 835 465 nna
853 413 866 463 t
883 415 916 465 nt
934 414 1032 480 eaput
1068 413 1129 465 sunt

111 482 161 550 qui
179 482 288 534 addunt
307 500 321 536 c
341 486 372 535 ut
390 481 444 546 lae,
463 484 538 551 quod
557 483 646 536 Varro
666 483 782 554 (later)
802 483 915 553 [addidi
926 485 988 538 eall.
1006 485 1049 550 fr.
1062 487 1128 548 242;

111 553 289 606 doctissimus
307 556 377 608 ooai.
397 554 475 625 Keil]
499 553 568 607 artis
586 555 788 624 grammaticae
806 554 983 608 exterminat
1021 573 1081 611 exe.
1098 572 1128 608 sa

110 641 202 679 oomm.
226 627 258 676 ia
281 625 384 679 Deam.
410 625 503 680 061(
524 626 628 691 V326,
645 629 683 679 25
706 625 789 678 multi
812 626 943 678 dixeram
969 627 1050 694 quod
1074 625 1129 679 laet

111 695 168 749 diei
187 695 314 762 deberet,
338 699 370 749 nt
388 697 464 765 apud
482 696 648 763 Varronem,
672 713 706 750 ea
728 697 838 750 ratione
860 697 928 765 quia
946 698 972 750 si
990 697 1039 750 lae
1058 698 1128 750 esset

110 767 313 833 nominativus,
336 767 405 821 lacis
425 774 499 820 esset
517 767 675 836 genetivus,
699 771 731 820 ut
754 767 815 822 aleo
833 767 927 822 aleois.
965 769 1072 824 nawa.
1092 769 1128 822 Η.

106 843 247 907 p.120,5
265 837 393 907 plerique
410 842 580 907 putaverunt
598 839 656 892 lact
674 839 731 893 diei
750 840 863 893 adiecta
880 843 900 893 t.
928 839 1035 894 Varro:
1056 856 1091 894 ac
1104 871 1129 879 —

110 924 161 963 aea
184 909 277 963 eadem
291 911 390 964 moiseo
405 910 539 965 Varronis
558 912 666 965 nomine
684 912 801 965 tradant
819 913 909 980 Caper
921 913 992 965 ortls.
999 929 1029 979 p.
1035 915 1082 976 95,
1088 913 1128 966 13.

111 981 189 1034 Mar.
200 982 270 1035 Plot.
281 981 342 1035 Sao.
351 986 496 1050 p.471,23.
512 983 617 1036 Auson.
635 983 918 1053 prammats'eomastta
928 986 1092 1050 p.168,154
1098 982 1129 1035 P.

112 1053 199 1106 Mart.
216 1052 282 1119 Cap.
298 1058 324 1117 3,
339 1056 401 1106 307.
422 1054 524 1107 Amod.
544 1055 583 1106 Η.
594 1071 624 1121 p.
640 1053 813 1108 LXXXVI.
841 1055 876 1119 cf.
891 1060 1040 1122 praemon
1050 1054 1129 1107 Varr.

110 1130 162 1177 sat.
184 1126 223 1176 26
234 1124 269 1177 B.
320 1124 353 1178 de
378 1125 394 1177 l.
415 1123 449 1176 L.
474 1129 567 1189 5,104
595 1125 687 1192 (Pro.
716 1126 786 1178 cath.
810 1143 841 1194 p,
866 1130 892 1189 7,
906 1128 931 1178 5.
960 1125 1067 1180 Antea.
1091 1126 1128 1179 Η.

108 1211 137 1262 ρ,
154 1194 240 1257 XIX,
258 1195 291 1247 ds
309 1196 408 1262 qasbas
426 1198 586 1250 misceatis
603 1203 671 1249 reete
690 1197 825 1250 iudicavit
839 1197 996 1250 Wamm
1008 1214 1042 1266 p.
1059 1198 1129 1265 110).

111 1266 192 1318 aliter
219 1265 327 1319 caan.
349 1284 379 1336 p.
399 1270 449 1331 48,
469 1270 507 1321 23
535 1266 592 1319 laet
615 1267 657 1320 ait
680 1267 768 1321 Varro
793 1283 848 1320 uon
876 1266 946 1332 diei,
973 1285 1130 1336 numquam

111 1335 186 1390 enim
205 1353 305 1389 nomen
324 1354 358 1390 ex
377 1337 486 1390 duabus
508 1338 594 1391 mutis
613 1339 788 1391 terminatur.
826 1341 849 1392 is
872 1345 963 1392 manea
978 1340 1131 1394 Varronem

111 1424 172 1461 eum
192 1408 306 1462 Caesare
323 1410 457 1475 confudit.
485 1410 520 1474 cf.
537 1411 693 1464 Wilmaans
710 1411 776 1464 ibid.
809 1417 833 1464 st
853 1411 955 1464 Caesar
971 1410 1009 1476 fr.
1026 1415 1070 1465 14.
1099 1410 1130 1464 dc

111 1496 140 1532 rs
158 1480 240 1532 ιιίαηι
256 1480 397 1549 Wapeaer,
415 1481 453 1534 N.
466 1482 534 1549 pbsl.
550 1481 810 1535 Raodsehaa1899
828 1500 871 1534 ar.
886 1485 911 1533 l.

529 1633 598 1689 274
626 1625 698 1711 [47]

178 1773 236 1813 non
265 1759 367 1813 carent
390 1757 562 1830 quaestione
590 1756 681 1814 etiam
703 1755 787 1831 plebs
810 1760 841 1814 et
863 1756 933 1814 urbs
956 1758 988 1814 et
1010 1755 1131 1831 Pelops,

111 1861 189 1917 qnae
213 1843 308 1902 Varro
336 1844 380 1902 ita
408 1844 581 1921 distinguit,
611 1847 647 1903 ut
674 1844 769 1921 perb
792 1850 859 1903 ets
882 1863 918 1903 ea
939 1845 1131 1904 nominativo

112 1949 181 1990 essu
205 1936 290 2007 putet
312 1952 375 1992 esse
399 1933 562 2008 eonibentia,
585 1953 662 2008 quae
685 1935 809 1993 eandem
831 1935 965 1992 litteram
988 1933 1131 2010 genetivo

111 2016 132 2096 <
133 2021 278 2097 singulari
278 2038 298 2098 >
321 2022 456 2095 reddant,
483 2026 519 2080 ut
545 2023 629 2098 plebs
651 2023 756 2098 plebis,
784 2023 855 2082 urbs
878 2023 971 2096 urbis,
998 2041 1036 2081 ea
1059 2042 1132 2081 vero

85 2127 165 2185 sper
182 2128 226 2184 ps,
250 2129 325 2185 quae
348 2111 488 2170 similiter
510 2112 648 2188 genetivo
667 2112 798 2171 eiusdem
823 2105 932 2190 [modi]
955 2113 1076 2170 numeri
1099 2113 1132 2170 in

111 2198 157 2273 pis
181 2203 346 2274 excurrant,
369 2204 404 2258 ut
426 2200 532 2276 Pelops
555 2201 682 2276 Pelopis.

185 2297 244 2351 Ter.
264 2298 358 2352 Scaur.
378 2316 408 2367 p.
427 2303 506 2364 27,3
533 2301 693 2367 quaesitum
716 2301 759 2354 est
785 2299 876 2354 hiems
899 2301 993 2351 ntrmn
1021 2315 1074 2367 per
1097 2317 1131 2368 ps

112 2385 149 2421 an
171 2384 222 2437 per
244 2387 286 2422 ms
310 2370 425 2424 deberet
448 2370 545 2437 scribi,
569 2389 632 2424 oum
651 2370 758 2438 alioqui
777 2371 895 2424 dubium
912 2386 969 2423 non
987 2369 1040 2436 sit,
1059 2371 1132 2439 quin

111 2456 161 2508 per
184 2457 225 2493 ms
249 2441 398 2495 scribenda
421 2440 471 2507 sit,
494 2442 627 2508 quoniam
650 2441 780 2512 genetivo
798 2441 899 2496 hiemis
921 2440 991 2494 facit
1010 2444 1040 2494 et
1058 2458 1131 2509 quo-

110 2510 187 2564 niam
202 2528 283 2580 perp
298 2515 353 2566 ets
368 2528 402 2567 ea
421 2512 580 2565 scribuntur
598 2513 692 2584 [-ban·
710 2513 809 2583 codd.],
828 2529 900 2580 quae
914 2513 991 2581 apud
1005 2510 1131 2568 Graecos

112 2583 218 2655 <in>p
233 2583 373 2637 desinunt.
402 2583 474 2637 hano
489 2586 583 2637 autem
597 2601 653 2638 non
667 2585 697 2637 in
709 2596 730 2652 ψ
745 2585 872 2638 desinere
886 2583 1072 2637 manifestum
1087 2586 1131 2638 est

112 2669 145 2706 ex
160 2671 201 2720 eo,
220 2656 295 2722 quod
310 2670 383 2722 qnae
399 2654 450 2708 illa
467 2655 564 2708 littera
581 2656 777 2722 terminantur,
797 2657 847 2708 aut
864 2655 895 2708 in
909 2673 963 2716 πος
979 2655 1013 2707 ut
1027 2653 1130 2724 Πέλοψ

112 2723 250 2791 Πέλοπος,
279 2730 329 2779 ant
353 2726 383 2779 in
409 2728 458 2797 βος
486 2727 617 2780 desinunt
645 2727 687 2798 [in
714 2727 849 2780 hoa-nat
873 2725 963 2796 codd]
991 2728 1025 2778 ut
1051 2724 1130 2795 φλέψ

113 2795 221 2866 φλεβός,
272 2797 361 2850 hiems
391 2800 485 2850 autem
512 2801 641 2851 neutram
668 2797 768 2850 harum
796 2797 968 2866 syllabarum
995 2797 1130 2866 genetivo

112 2867 186 2938 [gen.
206 2883 256 2921 ora.
276 2868 374 2937 Bora]
392 2868 502 2936 recipit.
539 2868 608 2922 item
631 2885 687 2921 non
711 2872 834 2934 constat,
861 2868 1008 2922 obseurum
1032 2870 1129 2921 utrum

111 2954 161 3004 per
184 2937 219 2991 ob
243 2954 279 2990 an
302 2954 352 3007 per
375 2956 410 3007 op
434 2939 537 2993 debeat
560 2940 658 3004 soribi,
686 2957 737 2994 neo
760 2941 853 2992 minus
877 2938 993 2993 observo
1019 2939 1128 3007 obside,

112 3025 175 3062 eum
193 3009 299 3062 inillis
318 3009 336 3062 b
355 3008 451 3063 littera
470 3010 614 3064 evidenter
637 3028 735 3065 sonum
754 3029 835 3064 sunm
857 3010 991 3064 vindieat.
1028 3036 1077 3064 non
1090 3037 1129 3065 0·-

110 3099 161 3133 rent
174 3111 200 3119 -
214 3095 308 3142 Pelopis.
340 3081 389 3134 sed
407 3081 488 3135 nobis
507 3085 656 3149 utrumqne
674 3099 725 3151 per
741 3100 775 3151 ps
793 3082 906 3136 videtur
923 3097 984 3136 esse
1003 3081 1128 3135 seriben-

112 3151 187 3217 dum,
206 3153 339 3218 quoniam
358 3169 392 3205 ex
405 3152 449 3206 his
468 3164 491 3220 ψ
510 3153 606 3206 litters
621 3157 739 3220 constet,
757 3170 844 3221 quam
858 3152 988 3224 genetivo
1004 3152 1127 3206 diximus

112 3226 162 3275 aut
188 3221 218 3275 in
246 3223 290 3277 bis
318 3231 367 3277 ant
395 3223 425 3276 in
452 3225 496 3292 pis
525 3225 607 3278 exire.
655 3227 802 3294 Papirios.
831 3242 876 3293 ap.
907 3225 1029 3280 Cassiod.
1058 3226 1126 3278 ortt.

109 3310 138 3362 p.
159 3299 220 3361 159,
234 3298 273 3349 22
294 3298 372 3363 traps
397 3295 432 3348 ab
456 3311 488 3350 eo
508 3297 582 3364 quod
607 3296 711 3350 dieitur
729 3296 818 3349 trabis
838 3298 869 3351 et
884 3313 951 3364 urps
969 3312 1022 3364 per
1040 3313 1060 3364 p
1080 3296 1127 3348 de·
1147 3348 1150 3355 ,

105 3363 176 3420 beat
191 3366 286 3436 scribi,
305 3365 376 3423 lieet
391 3367 480 3423 Varro
498 3383 548 3440 per
565 3368 584 3422 b
603 3367 781 3422 scribendum
799 3368 874 3438 [lost.
893 3369 971 3435 traps
987 3398 1022 3406 —
1036 3365 1126 3420 trabis

90 3437 123 3488 et
137 3440 313 3498 secludenda
331 3451 402 3501 sant
419 3451 445 3501 st
465 3443 611 3519 lsqeadam
636 3441 739 3512 debet&
755 3441 853 3510 putet,
871 3438 949 3504 quod
963 3438 1000 3487 'in
1011 3436 1129 3502 antiquis

76 3509 198 3566 ossibus
219 3513 240 3570 b
257 3516 377 3575 liabent
399 3520 499 3596 [eant
520 3518 650 3592 Carsiol-
682 3516 722 3584 ct·
738 3515 802 3568 Tes-
817 3509 1050 3582 Sww·t·14=s⁸·
1066 3508 1150 3565 Ἃιῧ·

70 3576 128 3634 Vel-
156 3585 256 3666 Lazo.
282 3611 319 3666 p.
347 3601 400 3668 61,
417 3602 444 3655 5.
477 3598 592 3668 73,12.
645 3591 728 3649 ens.
754 3586 850 3641 veo.
874 3593 924 3645 on·
947 3571 1075 3626 Casmi—
1098 3569 1171 3620 “b-
