2400 3824
138 179 202 243 156
284 179 491 234 Grammaticae
509 178 612 233 aetatis
631 177 823 232 Varronianae
842 176 1002 248 fragmenta

209 339 289 394 Char.
304 358 334 409 p.
356 343 416 405 141,
429 343 466 393 24
485 345 529 404 (--
548 339 623 392 Pan.
641 339 704 392 dab.
723 355 799 393 sam.
815 355 845 407 p.
859 341 906 404 25,
921 342 956 392 15
965 338 1013 405 Β.)
1032 337 1151 406 partum.

137 424 218 466 Cacsar
233 443 257 451 -
271 430 367 476 parrum,
386 409 531 464 Cornelius
545 409 640 479 Nepos
656 409 818 464 inlustrium
831 408 882 462 XV
901 426 917 462 ιι
932 425 949 462 ιι
968 407 1016 478 [fr.
1032 408 1108 490 2Ρ.]
1127 409 1154 460 et

136 482 244 536 Ennius
263 483 341 553 [aaa.
358 486 412 536 593
427 483 457 536 V.
504 480 628 549 ‘iamque
642 480 701 534 fere
715 483 849 548 quattuor
867 481 1002 549 partum',
1021 495 1154 547 quomam

138 553 173 607 ab
188 554 242 606 hac
255 555 337 622 parte
350 552 421 606 facit
436 554 464 606 et
498 568 528 605 as
542 554 645 621 partes.
672 551 723 606 sed
737 551 918 617 consuetudo,
932 550 1029 619 inquit
1038 549 1153 618 Plinius,

137 628 170 678 ut
188 623 386 694 praegnatium
406 623 576 694 [regnatium
595 623 665 694 cod]
686 621 874 692 optimatium.

574 777 618 834 26

204 866 236 922 in
268 865 352 923 libris
385 864 548 940 analogicis
580 768 798 922 omrbi3]istius
830 862 912 921 modi
945 857 1104 941 [pacativae
1132 865 1157 920 et

139 954 252 1013 dattoos
279 954 444 1028 siapalares
473 955 624 1010 aomiaam
654 956 777 1024 quartae
806 945 1022 1031 declinationis]
1056 951 1120 1010 sine
1145 952 1156 1008 i

138 1045 241 1101 littera
264 1042 389 1101 dicenda
411 1045 510 1100 censet
534 1035 683 1120 [Cacsar]

212 1141 281 1195 Gall.
300 1146 326 1207 4,
337 1145 409 1207 16,8
427 1138 454 1192 C.
470 1139 557 1193 etiam
572 1138 674 1192 Caesar
687 1139 781 1208 gravis
796 1141 894 1192 auctor
907 1137 1027 1191 Latinae
1042 1137 1156 1208 linguae

139 1212 169 1264 in
193 1212 364 1265 Anticatone
393 1212 500 1281 [3,145
519 1211 664 1281 Kacbler]:
695 1209 809 1263 ‘unius'
838 1209 932 1279 inquit
962 1208 1156 1280 ‘arrogantiae

140 1281 288 1352 superbiae
315 1281 537 1349 dominatuque’.
574 1281 644 1334 item
662 1282 692 1334 in
710 1281 889 1335 Dolabellam
907 1279 1029 1334 aetionis
1046 1281 1060 1334 I
1078 1279 1127 1333 lib.
1145 1279 1156 1331 I

140 1356 178 1424 [3,
189 1359 242 1408 135
253 1354 349 1425 Kae.]:
370 1352 438 1418 ‘isti
454 1370 572 1421 quorum
585 1352 615 1406 in
630 1352 749 1406 aedibus
763 1352 893 1422 fanisque
906 1351 1001 1421 posita
1016 1354 1046 1406 et
1059 1349 1156 1406 honori

139 1427 220 1479 erant
247 1428 276 1478 et
301 1425 422 1479 ornatu’.
459 1439 485 1478 in
502 1439 567 1479 nans
593 1440 705 1493 quoque
733 1439 856 1488 maloglcrs
869 1455 896 1463 -
909 1441 989 1478 censet.
1027 1424 1062 1490 cl.
1083 1423 1154 1477 Nora

134 1514 165 1566 p.
177 1501 239 1562 501,
244 1501 288 1551 24.
308 1498 395 1551 Prisc.
404 1514 434 1564 p.
445 1500 557 1563 363,15.
577 1496 649 1550 Serv.
660 1503 685 1550 et
694 1496 780 1550 actor.
791 1497 876 1550 Bora.
887 1511 976 1566 ycorp.
986 1499 1083 1560 4,158.
1097 1497 1155 1550 198.

140 1569 280 1634 Dctlefsea
299 1568 315 1620 l.
331 1584 352 1621 c.
368 1585 398 1636 p.
419 1572 514 1636 712sq.

215 1663 229 1709 2
250 1657 259 1709 i
279 1657 355 1710 codd.
376 1657 486 1711 detera:
504 1673 554 1711 om.
574 1657 632 1710 rell.
724 1661 739 1708 3
759 1658 875 1710 censent
892 1655 969 1709 codd.
988 1661 1043 1724 opt.

577 1809 621 1866 ιι
646 1801 716 1885 [26]

207 1918 342 1973 mortuus
370 1934 405 1972 ex
435 1933 494 1988 qua
524 1917 609 1989 parte
642 1915 785 1972 orationis
818 1913 983 1972 declinetur
1014 1914 1155 1971 incertum

141 2007 194 2063 est.
245 2023 315 2062 nam
343 2005 420 2062 sicut
448 2005 491 2061 ait
520 2001 637 2077 Caesar,
669 2003 707 2061 ab
735 2023 769 2062 eo
797 2003 877 2079 quod
905 2005 951 2061 est
977 2004 1099 2076 morior,
1128 2003 1155 2058 in

141 2093 300 2170 participio
319 2094 474 2168 praeteriti
492 2093 634 2168 temporis
653 2093 685 2149 in
703 2095 752 2151 tus
772 2093 850 2150 exire
870 2091 980 2166 debuit,
999 2109 1154 2166 perunum

142 2183 254 2240 scilicet
280 2203 309 2255 u,
339 2201 399 2239 non
426 2199 479 2256 per
506 2181 571 2240 duo.
618 2200 688 2238 nam
714 2181 767 2239 ubi
794 2183 946 2258 geminata
974 2183 1020 2238 est
1049 2180 1154 2251 littera,

115 2291 248 2339 5nomen
272 2273 324 2345 est,
347 2289 407 2328 non
430 2269 630 2346 participium,
652 2273 688 2328 ut
709 2271 811 2330 fatuus
835 2269 953 2328 arduus.

213 2369 282 2423 Istat.
308 2385 346 2422 Or.
372 2374 415 2434 11,
428 2372 456 2434 2,
471 2373 506 2423 33
533 2387 633 2422 mortuus
648 2371 743 2421 autem
761 2382 924 2422 ex-arduue.
961 2367 1080 2437 Aapast.
1105 2381 1154 2435 769.

144 2440 232 2495 OGK
248 2441 274 2494 V
289 2443 352 2505 520,
365 2445 404 2494 22
429 2442 472 2493 est
494 2458 578 2492 unum
603 2439 785 2509 participium
807 2437 954 2508 praeteriti
976 2437 1112 2507 temporis
1128 2437 1154 2489 in

142 2511 218 2564 omni
232 2510 333 2564 latino
344 2527 478 2578 sermone,
493 2511 568 2579 quod
583 2511 742 2564 informem
755 2510 876 2564 nominis
886 2509 930 2564 vel
940 2508 1155 2563 declinationem

143 2598 306 2636 conversum
324 2585 375 2650 eet,
399 2584 432 2636 ut
450 2585 493 2635 est
516 2585 650 2635 mortuus.
688 2584 731 2635 est
749 2581 824 2636 enim
843 2582 879 2636 ab
898 2597 931 2634 eo
950 2580 1028 2649 quod
1048 2580 1154 2644 morior,

142 2657 171 2708 et
185 2653 367 2723 participium
386 2652 532 2722 praeteriti
550 2652 685 2722 temporis
699 2653 729 2705 in
743 2655 790 2706 tus
804 2653 880 2706 exire
895 2651 995 2706 debuit
1010 2666 1154 2722 perunum

143 2743 169 2791 u,
195 2742 252 2778 non
274 2741 324 2794 per
348 2724 411 2778 duo.
449 2741 514 2777 nam
538 2723 586 2775 ubi
610 2725 754 2793 geminata
773 2742 792 2776 u
814 2723 912 2778 littera
933 2723 964 2776 in
986 2721 1154 2777 nominativo

143 2799 194 2861 est,
219 2812 321 2848 nomen
345 2799 395 2862 est,
421 2813 476 2849 non
499 2796 689 2864 participium,
716 2798 748 2849 ut
770 2795 866 2850 fatuus
891 2795 1031 2864 ingenuus
1056 2793 1154 2848 arduus

143 2867 263 2920 carduus
287 2866 405 2936 exiguus
427 2866 535 2932 beluus,
561 2870 594 2920 ut
617 2865 712 2920 Cicero
736 2867 816 2920 dixit.
853 2867 887 2933 cf.
912 2866 995 2922 Prot.
1020 2869 1083 2920 iast.
1107 2868 1153 2918 art.

138 2957 168 3007 p.
186 2943 247 3004 126,
262 2943 305 2991 16.
343 2939 431 2991 Prisc.
446 2955 476 3006 p.
497 2943 559 3005 502,
574 2943 599 2993 3.

583 3073 626 3130 28
664 3074 709 3130 27
759 3121 764 3135 .

211 3176 319 3237 Caesar
348 3197 407 3236 non
436 3180 598 3256 incongrue
626 3065 754 3254 piotubt
784 3195 834 3235 ens
863 3195 880 3234 a
907 3175 998 3235 verbo
1028 3194 1092 3234 sum
1118 3191 1153 3245 es,

144 3267 291 3343 quomodo
316 3286 334 3325 a
356 3267 447 3326 verbo
470 3286 591 3344 possum
613 3271 708 3344 potes,
731 3269 844 3343 potens.

212 3366 302 3420 Prisc.
321 3367 379 3420 ΙΙΙ
387 3369 484 3433 239,5
517 3364 617 3420 Graeci
647 3367 742 3418 autem
769 3362 920 3432 participio
948 3364 1068 3417 utuntur
1094 3359 1152 3416 eub-

126 3437 270 3492 stantivo:
292 3435 477 3503 inassatas
496 3435 536 3494 ὢν
555 3435 709 3503 διδάσκεις,
725 3435 847 3502 Τρύφων
862 3433 901 3490 ὢν
918 3433 1086 3504 μανθάνεις,
1103 3445 1152 3502 quo

113 3523 171 3559 nos
191 3525 313 3580 quoque
338 3513 505 3568 secundum
532 3510 703 3581 analogiam
721 3522 870 3576 possemus
883 3504 941 3571 nti,
960 3504 1098 3558 uidimus
1110 3503 1152 3555 de·

101 3575 212 3634 ficeret
225 3583 393 3658 participii
414 3586 570 3658 frequens.
612 3580 747 3654 quamuis
765 3591 849 3631 caesar
863 3605 888 3616 -
900 3592 990 3636 asans.
