2400 3824
313 110 354 164 De
372 110 447 164 ludis
465 110 624 165 litterarum
642 112 671 163 et
689 109 832 180 magistris
1019 111 1083 165 XIX

63 271 143 341 quod
162 271 227 324 add.
246 272 348 326 Medic.
367 288 401 325 m.
420 275 440 325 2
458 286 544 338 quam
563 270 637 342 (in)
656 271 732 337 quod
751 271 815 324 add.
832 273 979 327 Buecheler
997 289 1083 340 quam

65 343 145 411 quod
163 342 228 396 add.
248 342 322 415 <in>
344 343 405 399 Otto

134 460 186 516 30.
217 456 298 517 Cass,
322 458 381 515 Dio
397 459 462 529 ¹48,
483 459 573 525 33,1
602 455 693 515 ταῦτά
719 478 748 515 τε
777 447 832 516 οὖν
861 457 955 529 οὕτως
981 456 1015 518 ἐν
1041 464 1082 541 τῷ

62 544 121 606 ἔτει
144 543 246 630 ἐκείνῳ
271 540 312 625 [a.
334 539 475 624 714140]
500 544 646 624 ἐπράχθη,
668 543 718 604 καὶ
737 549 903 624 Σφαῖρον
927 543 943 606 ὁ
965 550 1081 625 Καῖσαρ

62 634 256 715 παιδαγωγόν
286 655 316 694 τε
345 632 395 694 nai
425 632 615 713 ἐξελεύθερον
644 633 736 694 αὐτοῦ
765 633 926 713 γενόμενον
954 636 1082 718 δημοσίᾳ

63 722 172 799 ἔθαψε.
210 741 272 780 cmn
297 725 466 780 Octauianns
496 725 597 779 (laesae
629 742 655 778 a.
680 725 790 795 cetius
821 733 905 780 natas
935 727 985 791 sit,
1012 727 1082 781 Iulii

62 805 182 876 Sphaeri
200 821 282 874 opera
301 811 327 859 et
344 806 486 859 industria
504 807 536 858 in
554 809 669 859 aetatem
689 806 898 860 Ciceronianam
916 807 1022 860 incidit.

134 923 176 980 31
209 921 278 995 Dip.
300 924 350 989 17,
369 922 400 988 2,
421 923 462 979 71
487 917 584 996 (Panl
604 920 622 978 l.
641 920 705 977 ΙΙΙ
724 923 787 994 epit.
807 918 910 994 Alfeni
928 918 998 996 clip.)
1023 921 1081 979 duo

63 1012 241 1069 societatem
264 1011 406 1082 coierunt,
429 1012 464 1066 ut
483 1011 711 1086 grammaticam
729 1009 876 1084 docerent,
900 1013 930 1068 et
949 1011 1028 1084 quod
1047 1030 1081 1068 ex

63 1117 99 1156 eo
124 1098 252 1158 artificio
276 1102 417 1174 quaestus
440 1097 588 1169 fecissent,
613 1117 767 1158 commune
790 1118 892 1157 corum
916 1103 1000 1158 esset.

133 1234 184 1290 32.
215 1231 291 1290 Suet.
316 1231 374 1291 Inl.
397 1233 439 1290 42
472 1234 627 1307 omnisque
658 1231 837 1290 medicinam
869 1233 981 1291 Romae
1014 1253 1081 1308 pro-

61 1321 157 1380 fessos
181 1323 213 1380 et
233 1320 403 1379 liberalium
427 1322 537 1378 artium
561 1321 704 1394 doctores
728 1339 786 1396 quo
809 1321 951 1381 libentius
975 1324 1083 1398 stipsi

61 1409 169 1467 urbem
200 1409 366 1492 incolerent
395 1412 425 1468 et
458 1411 548 1468 ceteri
581 1409 767 1486 adpeterent,
804 1412 926 1469 civitate
958 1410 1083 1469 donavit

62 1492 215 1577 [ceeia.

134 1656 231 1718 poetas
256 1651 372 1706 rhetores
397 1651 571 1718 philosophas
597 1651 798 1705 mathematicos
830 1651 945 1706 medicos
978 1653 1081 1706 Romae

60 1729 258 1777 commorantes
285 1722 435 1790 complores
461 1723 513 1774 hac
544 1727 630 1776 aetate
660 1723 825 1788 invenimus,
852 1739 918 1791 qnos
944 1723 1082 1777 Hillscher

60 1795 227 1846 nnmeraoit.
271 1793 304 1847 oh
334 1791 459 1847 Caesarie
487 1797 578 1846 amam
604 1793 725 1861 qratiam
752 1795 883 1847 anuceria
910 1793 990 1864 dipni
1016 1800 1082 1848 sant

63 1864 254 1933 hlaopanpne
279 1864 493 1934 amthopraphas
520 1864 604 1931 (Plat.
633 1865 707 1918 Caes.
731 1868 776 1917 48.
821 1863 918 1918 Strabo
946 1868 994 1930 14,
1019 1869 1080 1918 656.

63 1936 120 1990 ote.
136 1936 174 1989 ad
187 1938 245 1990 Att.
256 1937 383 2005 poesim),
397 1935 588 1990 Artemidorus
605 1936 664 1990 eius
680 1936 756 2002 filias
775 1935 883 2004 (Strabo
897 1936 974 2005 ahiel.)
993 1938 1082 1990 rhetor

62 2008 150 2075 (Plnt.
173 2007 247 2062 Gaas.
268 2010 322 2076 65),
341 2006 481 2076 Sosipenes
499 2007 704 2060 mathematicas
722 2007 807 2074 (Plin.
827 2025 854 2060 n.
874 2008 899 2059 h.
915 2011 958 2073 18,
972 2009 1044 2075 211).

130 2131 182 2188 33.
206 2128 283 2189 Snet.
303 2129 338 2187 de
358 2148 481 2204 pramm.
502 2132 523 2187 3
543 2156 585 2176 =
606 2130 700 2189 Varro
718 2132 756 2205 fr.
778 2133 843 2189 320
866 2149 936 2188 nam
958 2132 991 2188 in
1013 2150 1080 2206 pro-

61 2219 179 2278 vincias
203 2237 321 2294 quoque
344 2220 542 2296 grammatica
563 2222 781 2294 penetraverat,
804 2238 839 2278 ac
862 2239 922 2278 non
944 2219 1022 2278 nulli
1044 2219 1080 2278 de

61 2307 227 2368 notissimis
250 2307 420 2367 doctoribus
443 2328 566 2384 peregre
588 2308 761 2382 docuerunt,
784 2311 913 2368 maxime
931 2309 962 2366 iu
982 2306 1080 2366 Gallia

60 2400 181 2476 tagata3
214 2398 292 2455 inter
324 2415 397 2473 quos
431 2394 604 2456 Octavius
635 2397 771 2456 Teucer
803 2400 833 2456 et
866 2395 1079 2456 Sescennius

60 2485 215 2546 Iacchus
245 2491 275 2544 et
305 2483 443 2562 Oppius
471 2484 616 2558 Chares3
646 2486 694 2543 hic
725 2486 845 2561 quidem
875 2485 913 2543 ad
943 2485 1106 2544 ultimams

62 2578 196 2634 aetatem
224 2577 254 2634 et
281 2593 348 2634 cum
374 2576 436 2633 iam
464 2594 524 2634 non
550 2576 686 2650 ingressu
713 2575 801 2632 modo
830 2573 1003 2633 deficeretur
1030 2574 1081 2633 sed

61 2667 93 2723 et
116 2667 192 2722 visu.
234 2665 267 2719 de
288 2665 398 2720 Octauio
416 2665 518 2719 Teacro
536 2665 608 2718 nihil
627 2664 707 2718 alind
725 2664 859 2718 traditam
877 2671 922 2718 est.
951 2665 1081 2718 Iacchum

59 2747 220 2813 scriptoram
241 2744 327 2810 samse
349 2762 383 2799 en
405 2745 500 2799 Plinio
523 2746 704 2814 perspicitur,
728 2747 777 2813 qni
798 2762 859 2799 enm
883 2745 924 2798 his
942 2746 973 2798 in
991 2745 1081 2798 indice

60 2834 88 2869 a.
109 2818 134 2870 h.
154 2822 296 2882 memorat,
323 2817 356 2868 in
379 2816 395 2869 l.
416 2815 548 2869 XXXII
563 2817 605 2884 (de
628 2817 764 2870 medicina
787 2833 820 2870 ea
838 2816 1021 2884 aquatilibns;
1045 2817 1079 2882 cf.

62 2889 193 2953 hinniet,
206 2886 356 2956 anllenlcr.
365 2887 391 2940 d.
402 2888 457 2957 Np.
466 2887 491 2940 cl.
502 2888 611 2955 Plinp.
621 2890 687 2955 368)
697 2895 722 2942 et
732 2888 824 2941 XXX
830 2888 891 2940 VII
897 2887 940 2954 (de
952 2889 1079 2956 perimis),

60 2960 140 3013 sancl
159 2965 250 3012 antem
268 2965 404 3013 amatorem
421 2957 505 3024 refert
522 2976 549 3011 n.
564 2958 589 3011 h.
605 2961 648 3024 37,
668 2963 722 3012 148
738 2959 779 3027 (ele
793 2976 897 3028 qemeina
911 2957 1078 3028 aepyplilla).

60 3031 94 3085 de
116 3029 384 3099 Oppiocfip.133.

130 3147 182 3204 34.
215 3143 291 3203 Snet.
319 3145 356 3203 de
380 3162 504 3218 pramm.
531 3147 550 3202 9
581 3143 614 3202 L.
648 3142 810 3202 Orbilius
842 3142 1011 3219 Pupillus
1037 3175 1078 3183 -

60 3234 189 3292 Romam
221 3234 340 3292 conside
371 3233 509 3292 Cicerone
538 3226 580 3311 [a.
602 3227 683 3311 69ss
687 3226 742 3310 63]
771 3234 893 3290 transiit
921 3231 1079 3306 docuitque

59 3325 176 3382 maiore
208 3323 289 3382 fama
319 3341 409 3397 quam
440 3323 647 3384 emolumenta.
670 3323 803 3384 —fuit
829 3325 936 3384 autern
960 3324 1097 3380 naturas

55 3411 179 3468 acerbae
197 3428 258 3467 non
278 3411 368 3470 inodo
389 3413 423 3471 in
447 3414 685 3497 antisophistas
712 3437 793 3499 quos
816 3418 907 3480 omni
925 3407 1003 3496 imi
1027 3426 1116 3471 scca-

40 3494 124 3550 sione
146 3494 304 3569 lacerarit,
332 3500 388 3558 sed
417 3506 513 3567 etiam
545 3511 580 3572 in
613 3513 814 3595 discipulos,
841 3514 886 3574 ut
916 3511 955 3570 et
972 3497 1173 3566 percusse

864 3615 910 3670 bi
