2400 3824
522 183 624 238 Santra
1014 185 1080 250 385

513 347 628 432 2[11]

60 493 62 497 ·
132 463 150 520 l.
171 462 218 519 ΙΙ.
261 462 406 519 recinium
429 480 515 520 omne
538 463 749 519 vestimentum
773 461 952 536 quadratum
974 462 1006 519 hi
1029 465 1081 537 qui

61 550 121 608 XII
147 552 339 626 interpretati
365 553 437 609 sunt
476 543 544 629 [ine.
572 569 696 624 prumea.
727 551 792 609 tor.
822 552 860 624 fr.
882 554 922 608 11
948 568 980 624 p.
1002 545 1079 630 113]
1112 542 1114 546 '

62 657 125 699 esse
155 639 306 714 dixerunt,
334 642 368 697 ut
390 641 494 717 togam
517 634 620 717 (qua)
641 640 780 698 mulieres
804 639 967 697 utebantur
995 659 1081 715 prae·

62 731 178 787 textam
206 729 290 787 olavo
319 746 481 804 purpuram
513 728 591 787 unde
618 727 755 787 reoiniati
784 728 870 786 mimi
898 728 1080 804 planipedes.

63 837 156 894 quam
175 837 237 875 rem
256 818 416 895 diligenter
438 819 612 894 exsequitur
631 817 740 876 Santra
758 817 777 875 l.
792 816 823 876 II
842 816 877 874 de
900 819 1108 892 antiquitates

62 906 229 966 verborum.

58 1049 62 1056 ,
136 1006 208 1061 Fert.
219 1023 249 1074 p.
263 1009 319 1059 274
326 1010 346 1072 ⁶,
360 1010 397 1060 32
413 1020 522 1059 iserniam
536 1037 563 1044 -
576 1020 701 1059 verborum.
719 1007 754 1073 ef.
766 1006 853 1060 Varro
868 1005 901 1060 de
914 1007 931 1060 l.
947 1007 981 1060 L.
993 1010 1083 1071 5,132

62 1084 89 1131 et
107 1094 152 1145 ap.
173 1079 246 1131 Nea.
262 1095 293 1146 p.
313 1081 414 1142 542,1.
452 1076 524 1131 Sero.
541 1078 730 1143 11421282.
768 1077 835 1131 leid.
851 1093 890 1130 or.
906 1081 950 1142 19,
963 1081 1010 1144 25,
1024 1082 1049 1132 4.

137 1189 152 1236 3
180 1187 213 1237 ut
238 1185 350 1254 eerepsi:
379 1183 421 1236 vir
448 1184 492 1252 (ef.
518 1201 605 1252 supra
635 1184 702 1238 ecel.
729 1183 767 1238 ad
793 1185 865 1251 sal
894 1190 919 1238 et
946 1184 980 1238 L.
1007 1184 1081 1238 Oine.

62 1257 99 1321 fr.
115 1259 161 1324 26)
203 1258 284 1324 ‚toga
338 1270 394 1322 qua
414 1256 478 1308 add.
499 1255 559 1310 Urs.
614 1253 724 1308 virilem
742 1257 837 1324 togam
858 1270 914 1323 qua
938 1255 997 1309 Ure.
1019 1254 1081 1308 Ver.

63 1328 111 1398 [=
125 1327 251 1398 Verrius]
270 1329 367 1396 togam
386 1343 443 1393 qna
461 1327 578 1395 Lipsius
648 1327 828 1394 praetextum

513 1480 534 1536 e
559 1471 630 1556 [12]

132 1604 151 1660 l.
171 1603 237 1660 III.
285 1602 395 1661 Santra
418 1602 453 1661 de
477 1603 660 1677 antiquitate
689 1601 847 1661 verborum
869 1602 946 1660 libro
969 1601 1016 1660 ΠΙ
1039 1603 1083 1660 ait

66 1741 68 1743 .
131 1738 136 1748 .
162 1738 167 1748 .
193 1738 198 1748 .
230 1691 371 1750 dracones
408 1709 501 1768 genus
534 1735 696 1750 ......
727 1691 823 1766 aoeipi
857 1710 913 1767 pro
949 1691 1083 1750 loeorum

63 1782 163 1859 geniis
185 1781 311 1856 ideoque
334 1776 442 1858 loe<o>
467 1825 598 1839 .....
622 1799 660 1857 go
684 1780 758 1838 bene
782 1782 913 1856 aoeipere
938 1782 988 1856 pio
1013 1824 1020 1838 .
1044 1827 1050 1839 .
1076 1825 1082 1838 .

138 1880 224 1935 Sotol.
246 1881 341 1934 Veroa.
361 1880 430 1933 Aen.
451 1882 477 1945 5,
496 1882 532 1934 95
554 1892 635 1932 sanae
648 1910 675 1918 -
688 1894 727 1941 pro
742 1921 748 1932 .
764 1920 792 1932 ..
819 1878 894 1933 unde
913 1879 1000 1933 etiam
1018 1877 1083 1931 Per·

63 1951 124 2005 sius
139 1952 265 2022 [1,112]:
295 1952 357 2005 voto
371 1949 521 2018 quisquam
535 1950 608 2003 faxit
622 1949 740 2017 oletum;
751 1951 765 2020 s
777 1950 863 2020 pinge
879 1950 948 2004 dnos
964 1966 1082 2019 angues:

63 2023 156 2093 puori,
175 2039 254 2077 sacer
272 2025 315 2076 est
332 2021 431 2076 loeus’.

140 2136 154 2182 1
174 2129 283 2184 Sandra
337 2135 353 2181 ‘2
373 2145 460 2199 genus
475 2130 637 2184 Hermann
655 2145 729 2198 genu
745 2129 811 2183 Mai
825 2129 899 2196 Keil,
912 2129 976 2196 fort.
986 2136 1083 2198 postea

62 2203 155 2271 sueppl.
175 2200 347 2270 serpentium
419 2199 559 2272 3100<o>
577 2201 667 2269 seppl.
687 2201 849 2254 Herrmoaa

518 2354 537 2409 4
562 2345 632 2430 [13]

135 2477 154 2534 l.
173 2476 240 2534 III.
282 2477 352 2535 sois
375 2477 467 2534 enim
490 2475 652 2552 geniales
675 2475 836 2534 homines
861 2473 902 2534 ab
922 2475 1083 2548 antiquis

66 2565 276 2643 appellatos
294 2564 357 2640 qui
376 2564 418 2622 nd
441 2563 669 2623 invitandum
688 2568 724 2622 et
745 2564 886 2642 largius
906 2561 1083 2638 adparan-

66 2655 148 2714 dum
172 2654 289 2712 eibum
311 2655 553 2729 promptiores
577 2656 704 2712 essent.

140 2754 214 2809 Noa.
230 2771 260 2822 p.
276 2756 387 2818 117,14
405 2751 534 2822 genialis,
553 2750 711 2820 hospitalis.
738 2750 840 2804 Santra
859 2751 893 2804 de
912 2750 1084 2820 antiquitate

65 2825 216 2880 verborum
243 2824 291 2876 lib.
306 2823 357 2878 Ill:
380 2838 423 2878 aa
440 2837 500 2877 enim
513 2855 540 2862 -
554 2840 631 2877 omne.
672 2824 764 2877 eadem
786 2823 872 2878 Setol.
892 2823 977 2877 Bora.
995 2839 1083 2893 georg.

66 2902 93 2964 1,
109 2901 170 2951 302.
208 2896 243 2962 ef.
265 2895 349 2949 OGL
370 2896 472 2960 7298,
488 2900 512 2948 5.
533 2898 595 2960 642,
611 2898 636 2948 7.

141 3010 156 3056 2
176 3003 245 3071 quid
264 3002 300 3055 ad
320 3003 411 3072 Lepet.
425 3019 459 3055 ort.
475 3007 490 3054 1
582 3007 597 3053 3
616 3001 782 3070 promtiores

531 3134 550 3193 ⁵
573 3128 622 3215 [2]

136 3264 155 3320 t.
175 3262 242 3322 III.
289 3260 381 3336 quod
412 3261 576 3318 volumen
608 3281 714 3318 unum
744 3279 805 3318 nos
835 3260 1084 3319 lectitavimus

67 3356 103 3412 et
126 3352 253 3428 postea
276 3349 480 3409 invenimus
503 3350 774 3424 septemfariam
797 3349 960 3408 divisum.

141 3450 215 3505 Noa.
231 3453 394 3518 p.170,17
416 3447 627 3517 septemfariam
648 3450 681 3501 ut
699 3447 892 3501 multifariam.
930 3446 1031 3500 Santra
1050 3445 1084 3500 de

67 3522 217 3576 verborum
236 3521 406 3589 antiquitate
424 3519 474 3574 III:
501 3534 601 3583 quod-
614 3533 717 3574 aarum.
753 3521 789 3586 ef.
810 3519 896 3574 OGL
918 3518 944 3570 V
962 3521 1031 3580 eat,
1045 3520 1095 3568 ts.

65 3593 102 3648 de
117 3611 149 3647 re
164 3594 200 3660 es?
218 3593 374 3659 Buecheler,
393 3593 446 3648 Ra.
468 3594 547 3650 Mus.
562 3597 608 3662 40,
624 3597 688 3650 149.
943 3629 945 3633 <

111 3688 279 3731 Gnmmtlese
292 3692 415 3736 nomm
428 3696 569 3748 armentu
587 3697 626 3740 ed.
640 3697 778 3740 Pannona
866 3684 906 3734 25
