2400 3824
430 219 466 273 M.
486 219 633 274 Terentius
652 219 741 273 varro
1027 221 1090 284 341

78 383 199 434 stumam
219 397 236 433 a
254 380 351 434 multis
370 383 435 450 poet
453 380 543 449 patris
561 383 680 435 mortem
697 379 783 434 etiam
797 397 871 434 nunc
886 380 1032 450 appellari.
1059 383 1094 450 cf.

78 454 137 506 100.
157 453 189 506 de
203 469 344 522 praecem.
360 457 384 507 3.
413 453 489 507 Prot.
506 453 604 508 000101.
621 458 662 507 11.
694 453 785 522 Quint,
803 457 827 517 1,
842 457 868 518 4,
881 457 926 507 25.

150 565 165 614 3
185 558 244 613 sine
263 576 367 612 sanum
458 563 474 612 ὅ
493 559 620 613 Postumi
641 560 713 615 Ura:
733 558 865 613 Postume

540 711 634 770 *362

148 819 240 896 vulgo
267 839 402 895 purpura
430 819 537 877 latiore
564 819 684 877 tunicae
711 835 779 876 usos
808 819 976 877 invenimus
1004 819 1095 877 etiam

77 926 251 983 praeconeS,
283 909 361 966 sicut
389 911 505 984 patrem
533 907 565 966 L.
589 906 670 965 Aelii
698 906 822 965 Stilonis
852 907 1028 966 Praeconini
1058 907 1094 967 ob

80 997 111 1055 id
135 997 346 1074 cognominati.

150 1096 226 1149 Plio.
240 1114 268 1150 0.
283 1097 308 1149 h.
323 1100 368 1162 33,
381 1101 419 1151 29
438 1095 515 1149 anuli
531 1094 683 1150 distinxere
698 1093 818 1150 alterum
832 1094 958 1149 ordinem
973 1113 990 1149 a
1003 1094 1095 1165 plebe,

78 1170 111 1220 ut
129 1165 215 1220 semel
234 1170 385 1236 coeperant
403 1185 463 1221 esse
482 1166 618 1234 celebres,
643 1167 716 1220 sicut
734 1167 832 1221 tunica
850 1167 886 1220 ab
905 1166 997 1220 anulis
1016 1183 1096 1222 sena-

77 1242 170 1378 10032
169 1255 347 1364 00001000οῙ0
366 1241 395 1292 et
412 1239 466 1293 hoc
485 1254 555 1305 sero,
574 1253 698 1307 vulgoque
713 1263 813 1301 purpura
826 1271 853 1278 —
866 1252 1023 1302 cognominati.
1060 1240 1095 1305 cf.

536 1445 555 1486 '¹‘
566 1445 630 1502 363

145 1551 304 1609 Proculum
328 1554 407 1610 inter
431 1551 607 1628 cognomina
630 1570 697 1609 eum
721 1551 833 1625 dicunt,
864 1552 917 1627 qui
940 1554 1028 1610 natus
1053 1553 1097 1610 est

79 1644 165 1715 patre
195 1641 404 1718 peregrinante
435 1660 452 1699 a
482 1641 583 1716 patria
613 1640 725 1715 procul.
772 1640 914 1699 Proculos
944 1643 1015 1699 sunt
1044 1641 1096 1716 qui

80 1730 203 1791 credunt
230 1730 297 1788 ideo
326 1730 435 1804 (110100,
467 1731 539 1805 quia
568 1728 704 1804 patribus
733 1729 851 1789 senibus
880 1731 965 1804 quasi
992 1730 1096 1804 procul

78 1821 242 1896 progressis
267 1822 365 1878 aetate
389 1821 453 1877 nati
477 1821 554 1877 sunt.

151 1919 232 1972 Paul.
252 1919 326 1972 Fesi.
346 1936 376 1987 1).
395 1922 494 1984 225,2
520 1932 639 1971 Proculum
653 1949 679 1956 -
693 1932 750 1971 sunt.
792 1918 826 1984 cs.
847 1919 922 1972 Plui.
944 1917 1041 1972 Coriol.
1063 1922 1096 1972 11

79 1986 225 2062 (συντυχίᾳ
240 1987 389 2057 γενέσεως).
422 1991 481 2043 Ine.
501 1989 533 2043 de
551 2005 690 2056 praedem.
701 1991 726 2041 3.
758 1989 838 2043 OGL
860 1988 1097 2054 1100011100-

79 2059 158 2114 culus
173 2061 223 2135 qui
236 2064 318 2129 patre
332 2060 444 2130 longius
458 2057 657 2130 peregrinante
671 2059 806 2114 nascitur.
834 2061 869 2127 cs.
884 2060 965 2115 0612
981 2061 1024 2114 VI
1035 2063 1096 2115 135.

538 2230 632 2288 *364

146 2337 231 2397 laeve
263 2337 398 2410 sinistra,
436 2356 524 2412 quarn
557 2336 662 2395 Graeci
695 2335 814 2411 onosdv3
852 2335 931 2394 unde
967 2339 1097 2395 tractum

80 2444 245 2504 cognomen
270 2426 419 2485 Scaevola.

150 2526 233 2578 Paul.
249 2524 321 2580 Fest.
337 2542 367 2594 p.
385 2529 446 2591 117,
461 2529 479 2578 6
496 2539 562 2578 laeva
575 2556 602 2563 -
616 2538 729 2578 Scaevola.
771 2524 860 2578 Varro
878 2524 910 2578 de
928 2525 946 2577 l.
966 2524 1000 2577 L.
1021 2527 1046 2590 7,
1061 2527 1098 2576 97

77 2595 174 2665 pueris
192 2595 334 2664 turpicula
352 2612 397 2650 res
416 2596 447 2649 in
466 2594 538 2650 collo
557 2596 696 2663 quaedam
710 2595 898 2663 suspenditur,
918 2594 1035 2662 nequid
1049 2594 1097 2647 ob-

77 2667 130 2732 sit,
158 2667 249 2720 bonae
278 2683 392 2721 scaevae
422 2685 506 2723 causa
534 2665 668 2720 Scaevola
696 2665 848 2736 appellata.
895 2683 929 2720 ea
956 2665 1034 2719 dicta
1062 2665 1097 2719 ab

78 2754 179 2792 scaeva
197 2737 226 2791 id
246 2741 289 2791 cst
312 2738 427 2793 sinistra
444 2771 494 2796 -.,
520 2737 550 2791 id
569 2755 586 2792 a
605 2736 711 2792 Graeco
731 2739 786 2804 est,
811 2737 887 2807 quod
905 2736 936 2790 hi
955 2736 1097 2791 sinistram

77 2813 181 2864 vocant
199 2809 308 2865 0000010.
347 2811 381 2876 cs.
403 2811 475 2865 Plut.
497 2809 574 2880 Popl.
591 2813 633 2864 17.

152 2924 165 2971 1
186 2934 270 2971 00000
289 2918 353 2972 boni
371 2918 447 2972 codd.

542 3068 637 3127 *365

148 3175 335 3252 pampinatio
358 3177 481 3235 inventa
504 3177 601 3252 primo
625 3175 741 3234 Stoloni
765 3175 847 3234 dedit
869 3195 984 3235 nomen.

152 3275 226 3328 Plio.
246 3292 273 3327 0.
293 3275 318 3327 h.
340 3278 416 3341 17,7
442 3272 485 3327 ita
509 3274 599 3345 [stolo]
624 3273 785 3342 appellatur
807 3272 837 3326 in
860 3272 930 3342 ipsis
951 3274 1097 3328 arboribus

78 3345 225 3400 fruticatio
244 3344 363 3410 inutilis,
381 3345 457 3398 unde
476 3347 504 3399 et
518 3359 657 3408 pomposam>
670 3377 697 3385 —
709 3371 797 3399 nomen
821 3345 910 3399 Varro
923 3364 946 3399 r.
961 3363 983 3399 r.
1000 3352 1024 3413 1,
1038 3351 1065 3412 2,
1080 3350 1098 3400 9

77 3418 128 3487 qui
161 3417 353 3488 [0100000
377 3416 463 3488 Stolo]
495 3419 611 3485 propter
640 3415 820 3486 diligentiam
852 3416 979 3471 culturae
1007 3417 1097 3471 Stolo·

77 3507 146 3543 num
166 3488 341 3542 confirmarit
360 3503 522 3558 cognomen,
542 3488 617 3556 quod
636 3487 730 3540 001100
748 3487 778 3541 in
796 3488 857 3542 eius
875 3487 963 3541 fundo
981 3487 1099 3556 reperiri

77 3563 191 3629 poterat
210 3560 290 3625 stolo,
310 3560 385 3628 quod
404 3558 557 3615 effodiebat
576 3559 684 3615 circum
701 3559 819 3615 artiores
837 3576 855 3614 e
870 3558 1024 3612 ramerum
1040 3570 1119 3622 cpe-e
1182 3588 1188 3613 ι

70 3633 255 3685 nascerentur
272 3648 288 3685 e
306 3630 376 3701 0010,
396 3649 469 3704 quos
488 3632 619 3691 stolones
637 3632 846 3708 apponebant.
