2400 3824
415 197 445 252 P.
464 197 597 268 Nigidius
616 196 732 267 Figulus
763 224 765 229 »
1017 195 1080 261 169

425 374 428 378 Α
501 369 545 425 22
569 360 640 444 [12]

132 477 215 533 sunt
239 475 347 533 etiam
376 473 641 531 adsimulanter
669 471 767 531 dicta
794 473 895 546 haec,
923 473 1080 551 cauatim

63 565 199 623 suatim
221 562 394 636 borodim,
419 581 508 637 quae
531 561 572 620 ab
597 561 819 620 animalibus¹
839 563 1034 621 sumuntur.

135 663 209 715 Non.
222 679 251 730 p.
267 665 356 728 40,21
376 661 498 714 canatim
517 660 619 714 suatim
638 660 892 726 bovatim,'can11m
909 661 938 715 et
957 677 1038 713 suum
1053 662 1081 712 et

62 733 149 786 boum
163 749 273 802 genere.
306 731 438 801 Nigidius
458 731 666 786 commentariis
684 731 876 802 grammaticis
896 732 1027 803 [conmen
1040 731 1081 786 ecl

63 805 221 859 commento
240 821 366 873 grammo
385 804 487 874 codd.]:
507 821 559 857 sunt
572 835 599 842 —
612 821 735 856 sumuntur.
784 855 786 858 Α

136 900 150 945 1
172 892 377 946 adsimutanter
396 893 487 963 Logd.

500 1045 544 1102 23
568 1037 639 1121 [41]

94 1184 95 1187 =
129 1150 252 1211 nomina
279 1150 429 1226 verbaque
456 1169 516 1208 non
539 1151 640 1224 positu
667 1150 793 1208 fortuito
817 1149 868 1208 sed
897 1149 1027 1224 quadam
1049 1150 1080 1209 vi

63 1242 94 1298 et
116 1239 233 1298 ratione
263 1242 388 1298 naturae
411 1240 493 1298 facta
516 1257 579 1298 esse
602 1239 633 1297 P.
657 1238 798 1316 Nigidius
821 1237 853 1296 in
877 1239 1080 1314 grammaticis

62 1328 285 1388 commentariis
304 1328 399 1402 docet,
418 1348 481 1386 rem
500 1329 617 1386 sanein
636 1327 843 1403 philosophiae
863 1327 1080 1387 discertationi·

63 1417 119 1475 bus
134 1416 287 1476 celebrem.
325 1419 429 1492 quaeri
443 1419 522 1475 enim
541 1417 664 1476 solitum
680 1420 753 1492 aput
771 1416 973 1492 philosophos,
992 1418 1081 1492 φύσει

61 1503 98 1564 τὰ
121 1502 252 1582 ὀνόματα
280 1506 340 1564 sint
367 1503 386 1583 ἢ
410 1503 498 1565 θέσει.
545 1507 577 1564 in
601 1524 667 1564 eam
693 1524 756 1563 rem
780 1506 875 1564 multa
904 1509 1081 1582 argumenta
1108 1522 1121 1562 o

62 1595 146 1668 dicit,
169 1613 222 1653 cur
240 1594 336 1653 videri
358 1596 473 1670 possint
496 1594 587 1656 verba
611 1613 673 1664 esse
696 1595 848 1653 naturalia
870 1597 967 1671 magis
992 1615 1081 1670 quam

63 1684 232 1742 arbitraria.
271 1685 432 1758 exquibus
454 1685 511 1742 hoc
533 1684 631 1742 visum
649 1685 696 1742 est
718 1684 851 1758 lepidum
875 1687 905 1741 et
927 1684 1081 1744 festivum:

62 1791 124 1831 vos
155 1773 256 1848 inquit
285 1791 361 1831 cum
393 1773 559 1846 dicimus,
591 1776 688 1830 motu
721 1773 871 1847 quodam
902 1773 974 1831 oris
1004 1792 1081 1831 con-

61 1861 233 1920 veniente
255 1880 331 1920 cum
353 1861 470 1938 ipsius·
489 1861 590 1920 verbi
613 1861 923 1920 demonstratione
946 1864 1082 1920 utimur

62 1952 98 2009 et
121 1951 244 2009 labeas
269 1953 401 2010 sensim
424 1953 600 2026 primores
625 1969 824 2009 emovemus
848 1969 887 2010 ac
910 1951 1081 2026 spiritum
1096 1967 1121 2007 ro

62 2044 172 2115 atque
205 2039 358 2098 animam
389 2059 496 2115 porro
528 2057 670 2099 versum
699 2043 733 2097 et
761 2039 804 2098 ad
834 2058 905 2112 eos,
939 2040 1081 2114 quibus-

62 2148 140 2188 cum
155 2129 442 2202 sermocinamur,
457 2128 699 2186 intendimus
715 2132 752 2186 at
766 2131 891 2187 contra
905 2147 981 2186 eum
996 2128 1081 2187 dici-

61 2237 138 2277 mus
157 2236 233 2291 nos,
256 2237 370 2293 neque
389 2219 538 2294 profuso
561 2218 775 2292 intentoque
795 2218 890 2275 flatu
909 2220 1008 2277 vocis
1026 2237 1080 2276 ne-

63 2326 130 2382 que
144 2307 319 2382 proiectis
337 2306 451 2366 labris
470 2309 763 2382 pronuntiamus,
782 2307 841 2365 sed
861 2310 895 2364 ot
910 2307 1081 2381 spiritum

62 2399 98 2455 et
130 2395 255 2454 labeas
293 2398 397 2471 quasi
428 2397 527 2454 intra
563 2398 702 2454 nosmet
733 2395 831 2471 ipsos
869 2414 1080 2456 coercemus.
1095 2411 1121 2452 15

61 2486 127 2544 hoc
159 2485 252 2543 idem
284 2486 330 2543 fit
360 2488 395 2543 et
423 2484 460 2543 in
491 2504 542 2558 eo,
575 2484 668 2559 quod
701 2483 853 2542 dicimus
882 2487 920 2541 tu
953 2503 1015 2561 ego
1047 2488 1082 2542 et

61 2573 133 2632 tibi
161 2576 195 2632 et
224 2575 321 2632 mihi.
374 2593 453 2632 nam
483 2574 608 2647 sicuti,
640 2591 716 2631 cum
746 2573 933 2631 adnuimus
962 2576 996 2632 et
1026 2573 1080 2631 ab·

61 2664 220 2736 nuimus,
252 2665 368 2722 motus
399 2662 543 2739 quidam
573 2662 638 2720 ille
666 2663 723 2720 vel
753 2663 888 2736 capitis
916 2663 973 2720 vel
1003 2681 1081 2720 ocu·

62 2753 180 2810 lorum
200 2771 218 2809 a
236 2753 367 2810 natura
389 2752 443 2810 rei
467 2771 570 2827 quam
593 2752 787 2828 significat
809 2770 878 2808 non
901 2750 1079 2825 abhorret,

61 2843 117 2899 ita
147 2841 183 2898 in
212 2841 268 2900 his
298 2841 447 2900 vocibus
479 2839 581 2916 quasi
614 2842 736 2918 gestus
771 2840 914 2916 quidam
945 2843 1017 2900 oris
1046 2832 1142 2898 etio¹

62 2930 220 3006 spiritus
243 2931 427 2989 naturalis
447 2934 509 2989 est.
547 2930 667 2988 eadem
686 2931 780 2988 ratio
801 2933 854 2988 est
877 2930 912 2987 in
933 2927 1081 2989 Graecis

62 3038 204 3094 quoque
237 3018 400 3094 vocibus,
438 3039 542 3094 quam
575 3037 651 3076 esse
683 3019 719 3076 in
751 3021 887 3077 nostris
925 3019 1081 3078 animad-

62 3109 246 3167 vertimus.

137 3206 205 3260 Geli.
217 3210 286 3272 10‚4
299 3220 631 3260 nomina-animadvertimus.
659 3206 693 3272 cf.
708 3206 850 3276 Chrysippi.
862 3207 938 3274 apsed
950 3207 1046 3261 Galea.
1059 3208 1086 3260 V

58 3295 89 3346 p.
104 3282 160 3332 216
169 3277 206 3331 K.
245 3277 408 3344 risitaret,
426 3278 459 3332 de
478 3277 559 3332 Stoic.
577 3284 722 3347 grammat,
737 3295 767 3345 p.
783 3281 825 3331 34.
1059 3272 1070 3295 ’

135 3389 151 3436 3
167 3383 384 3437 discretionibus
395 3384 468 3438 Voss.
480 3385 581 3438 LatF
590 3389 643 3437 112
665 3383 924 3454 disceptationibus
940 3385 1096 3444 Meuctdoi,

62 3457 109 3510 sed
127 3454 275 3535 ofi'Goetz,
296 3456 379 3509 Arde.
397 3455 420 3522 f
439 3456 596 3560 hadal-reso.
617 3462 644 3526 2,
660 3461 713 3514 347
810 3464 829 3512 b
850 3456 935 3512 ἲδῦ
953 3452 1136 3562 immiminuta<Nl

42 3529 127 3644 ist.
140 3525 822 3682 titanis-„dicistis
839 3518 1158 3669 Pisis-{ibo
