2400 3824
131 167 196 233 538
297 168 503 223 Grammaticus
521 168 623 223 aetatis
641 169 803 239 Augustcae
822 168 983 238 fragmenta

131 364 363 419 SCRIPTORUM

202 476 226 526 5.
247 473 319 528 Snet.
334 474 367 528 de
384 490 497 543 pronun.
512 477 548 526 21
569 471 597 526 Ο.
612 471 741 526 Melissus
757 504 790 512 —
805 471 874 526 fecit
892 474 921 526 ct
939 489 1044 526 novum
1063 487 1150 540 genus

130 545 329 613 togatarum
353 544 552 612 inscripsitque
575 544 762 597 trabeatos.
802 543 880 600 Orid.
898 560 932 598 ero
950 545 984 599 P.
1005 547 1151 611 4,16,2s

130 631 266 684 musaque
285 615 405 669 'limani
423 615 541 685 tragicis
560 613 658 668 innixa
676 615 833 680 cothurnis3
844 615 858 686 s
871 616 900 669 ct
917 617 968 668 tua
987 631 1053 668 cum
1073 630 1151 668 socco

131 703 226 753 musa,
249 686 376 755 Melissa,
398 686 462 740 lovi.
500 687 629 741 Ps-Aoro
648 687 717 741 Hor.
738 687 799 741 ΑΡ
814 690 871 741 288
893 688 1098 755 praetextas
1124 687 1151 738 et

130 759 271 828 togatas
292 758 463 826 scripserunt
477 757 574 811 Aelius
588 757 695 825 Lamia,
709 757 849 811 Antonius
862 757 961 826 Rufus,
981 757 1078 812 Gneus
1095 757 1151 811 Me-

132 829 225 895 lissus,
244 829 378 884 Afranius
397 829 557 901 [Africanus
576 829 674 900 eodd.],
693 828 871 897 Pomponius.

203 923 228 973 6.
247 918 321 974 Snet.
345 918 412 972 ibid.
436 921 534 986 atque,
553 921 586 971 ut
608 918 670 986 ipso
693 917 796 984 tradit,
821 917 1026 988 sexagesimum
1050 917 1151 971 aetatis

130 1006 236 1043 annum
250 1005 336 1060 agens
354 989 466 1043 libellos
484 989 706 1058 ineptiarum,
726 990 775 1057 qui
789 1007 863 1043 nunc
881 990 1036 1043 iocorum
1055 989 1150 1043 inscri-

130 1061 244 1127 buntur,
264 1076 428 1130 componere
446 1061 572 1115 instituit
591 1060 767 1128 absolvitque
782 1060 802 1115 (l
821 1063 850 1114 ct
865 1061 895 1126 L,
916 1060 1019 1129 quibus
1034 1063 1065 1114 et
1083 1061 1152 1114 alios

132 1132 235 1186 diversi
254 1133 346 1201 operis
369 1134 468 1201 postea
491 1132 611 1186 addidit.
648 1133 681 1186 de
698 1133 795 1187 horam
819 1134 971 1187 libellorum
988 1134 1152 1204 fraprnentis

130 1204 174 1257 od.
189 1204 346 1271 Buecheler,
366 1205 418 1259 Illi.
439 1205 515 1259 Mus.
535 1209 578 1270 54,
593 1209 656 1272 qu.
686 1205 881 1258 Mirareris.
899 1221 927 1273 p.
948 1207 1004 1258 358
1013 1221 1054 1273 sq.

204 1297 228 1346 7.
247 1293 320 1347 Sero.
340 1294 408 1347 Aen.
430 1297 455 1360 7,
475 1297 511 1348 66
533 1293 662 1346 Melissus
686 1293 735 1360 qui
759 1293 798 1346 de
822 1292 943 1361 apibus
964 1291 1081 1361 scripsit
1118 1294 1149 1359 es.

131 1365 210 1431 infra
224 1366 314 1433 praef.
335 1366 372 1418 ad
389 1365 489 1435 frapru.

202 1457 227 1507 8.
249 1454 380 1509 Melissus
394 1461 489 1509 anetor
503 1472 521 1508 a
536 1455 631 1508 Plinio
645 1460 799 1521 nsnrpatnr
812 1455 844 1507 in
858 1453 915 1508 ind.
930 1471 959 1506 n.
973 1453 999 1506 a.
1017 1453 1080 1507 libr.
1099 1454 1153 1507 Vll

132 1526 229 1595 (lonso)
247 1526 297 1579 IX
315 1527 462 1595 (animalia
484 1527 605 1580 marinna
628 1525 752 1579 omniurn
774 1525 995 1595 stopnornrnqne)
1016 1525 1049 1578 X
1072 1527 1150 1594 (anes)

132 1597 181 1650 XI
199 1597 320 1666 (insecta)
340 1597 464 1651 XXXV
475 1599 614 1667 (pistoru).
695 1605 698 1612 '

203 1793 235 1846 de
255 1794 365 1848 Melissi
377 1794 518 1848 industria
532 1795 567 1860 cs.
583 1793 709 1859 erbeclr,
719 1794 822 1862 prolep.
838 1793 875 1846 ad
890 1792 967 1862 Verp.
981 1809 1011 1861 p.
1028 1796 1077 1846 89.
1093 1796 1149 1846 122.

134 1866 254 1918 Moinrer
272 1865 288 1917 l.
309 1881 330 1919 c.
346 1882 375 1933 p.
396 1868 451 1919 358
460 1882 498 1935 sq.

474 2045 509 2109 B.
536 2042 809 2110 FRAGMENTA

203 2201 265 2238 enm
291 2186 422 2239 Melissus
445 2185 554 2254 aliquid
579 2185 612 2239 de
636 2185 754 2255 Vespillo
779 2183 926 2238 tradiderit
952 2185 997 2252 (fr.
1020 2186 1057 2253 1),
1083 2183 1152 2252 qnod

131 2271 198 2309 sane
224 2257 307 2310 libros
331 2257 501 2323 ineptiarnrn
522 2273 637 2324 prorsas
661 2273 719 2310 non
744 2256 850 2310 dedecet
874 2255 1005 2323 (Mirarer
1027 2273 1059 2325 p.
1079 2257 1152 2324 359),

133 2327 234 2380 lrlrarn
256 2328 289 2381 de
313 2328 431 2398 Verpr'lio
454 2344 515 2382 enrn
537 2329 675 2396 scripsisse
697 2327 835 2395 suspicari
857 2327 1008 2380 absnrdnrn
1031 2343 1091 2381 non
1109 2332 1153 2392 est,

133 2414 210 2466 qnern
236 2405 261 2451 et
287 2404 342 2452 test.
364 2403 381 2451 7
407 2401 497 2467 (aliter
524 2399 669 2465 Gldclrner,
698 2399 751 2452 Ra.
777 2399 852 2452 Mas.
877 2400 1004 2466 33,159)
1031 2404 1057 2452 et
1081 2400 1154 2465 fni

131 2471 282 2538 respiciant
304 2471 348 2539 (cf.
369 2471 494 2536 Harder,
519 2471 562 2525 da'e
585 2471 699 2540 Frapni.
720 2471 745 2523 d.
766 2469 916 2524 Maecenas
928 2487 960 2538 p.
979 2471 1042 2538 21).·
1066 2469 1154 2524 Servii

132 2546 200 2594 certe
216 2542 342 2596 Melissos
356 2543 474 2596 diuersos
488 2544 560 2595 inter
577 2558 675 2596 senon
689 2558 743 2595 esse
757 2557 921 2609 persnosnni
938 2541 1032 2597 labeo.
1060 2547 1156 2595 ntrnrn

132 2614 164 2665 in
188 2613 224 2678 fr.
244 2617 262 2666 3
282 2614 413 2667 Melissos
439 2631 477 2666 an
502 2615 644 2668 Modestus
667 2613 782 2682 Verpilii
812 2613 946 2679 interpres
964 2628 1003 2666 an
1025 2613 1155 2668 Milesias

132 2684 247 2751 qnidam
269 2686 301 2738 in
327 2684 475 2739 ‘Milestos'
502 2686 610 2738 nornine
634 2686 729 2748 lateat,
752 2684 949 2751 incompertam
971 2689 1018 2737 est.
1046 2686 1156 2753 reliqna

132 2756 288 2824 frapnienta
307 2757 334 2824 (4
343 2759 408 2824 sqq.)
427 2758 507 2826 culpo
522 2757 602 2810 Aelio
618 2755 730 2809 Melisso
750 2754 829 2822 (Gell.
845 2759 888 2820 18,
908 2756 935 2822 6)
954 2755 1043 2808 trilici
1062 2757 1157 2822 solent,

132 2843 202 2894 qnae
227 2843 270 2880 res
294 2828 354 2882 ideo
379 2829 535 2882 verisimilis
559 2843 613 2882 esse
636 2827 775 2891 rideatur,
809 2826 881 2894 qnod
899 2826 997 2880 Aelius
1022 2827 1158 2882 Melissus

133 2897 214 2965 (Geli.
233 2898 311 2967 itid.)
335 2905 359 2952 et
382 2899 513 2953 Melissus
537 2898 659 2953 Charisii
683 2903 779 2952 anonr
804 2898 849 2965 (fr.
869 2900 897 2966 4)
921 2899 1036 2951 cornioos
1059 2906 1158 2966 poetas

133 2968 254 3033 afferant
273 2971 403 3038 (Mrtnrer
418 2987 447 3038 p.
467 2971 531 3039 369)
537 2991 547 3036 ,·
566 2977 596 3024 at
615 2970 745 3023 Melissus
770 2969 864 3022 Verrio
883 2985 901 3021 a
921 2967 1049 3023 Charisia
1075 2987 1158 3039 oppo-

132 3040 203 3093 sitas
225 3041 271 3108 (fr.
291 3043 317 3110 4)
341 3043 399 3094 eins
422 3043 545 3110 aequalis
569 3041 712 3095 latebitnr
734 3041 834 3094 rectins
853 3039 895 3108 (de
916 3038 1084 3096 Olarisiani
1107 3042 1159 3096 loci

135 3116 244 3165 anowre
262 3113 297 3178 cf.
317 3112 354 3165 ad
371 3113 407 3178 fr.
427 3117 445 3165 4
463 3119 488 3166 et
506 3113 588 3178 Beol,
608 3113 707 3166 Philol.
728 3115 771 3175 52,
792 3113 862 3180 510).

631 3266 649 3320 1

200 3387 233 3444 in
251 3404 384 3446 sermone
398 3387 602 3446 tardissimum
621 3405 655 3444 ac
673 3405 767 3462 paens
781 3386 901 3445 indocto
918 3385 1050 3445 similem
1067 3381 1119 3467 [V
1148 3420 1158 3429 -

66 3468 249 3592 Ιμὲἰὸανη]
273 3476 364 3534 fuisse
388 3476 524 3535 Melissus
547 3475 681 3534 tradidit.

194 3577 271 3637 Suet.
293 3580 352 3637 rell.
369 3597 401 3652 p.
422 3581 457 3636 58
480 3577 514 3634 R.
532 3591 560 3632 m
571 3600 672 3632 somnus
685 3606 711 3614 —
722 3588 824 3627 nuum.
