2400 3824
120 178 164 242 84
303 177 508 232 Grammaticus
527 178 777 232 antevarronianae
796 177 956 248 fragmenta

557 373 700 427 DUBIUM

580 483 599 538 4
624 473 672 558 [3]

164 588 229 646 hae
254 607 343 662 quae
366 590 543 646 vocantur
565 586 713 645 fabulae
737 587 885 645 Terenti
908 605 1008 662 opus,

164 679 266 736 cuiae
294 673 401 734 sunt?
438 695 506 734 non
533 677 610 749 hae,
640 675 720 734 iura
748 677 810 750 qui
836 677 981 752 populis
1011 671 1137 754 [reten-

881 759 994 843 tibus]
1020 765 1137 839 dabat,

164 873 299 914 summo
322 848 435 931 <illa>
457 854 591 913 honore
615 854 771 912 affectus
796 853 884 912 fecit
907 853 1076 912 fabulas?

193 946 298 1000 Donat.
324 945 370 998 eit.
401 945 459 998 Ter.
475 961 504 1012 p.
520 948 551 1008 9,
572 948 607 997 18
632 945 673 997 W.
715 943 853 1012 Scipionis
878 942 990 997 fabulas
1017 943 1139 998 edidisse

120 1015 284 1070 Terentium
293 1019 312 1081 †
321 1013 467 1085 Vallegius
481 1014 511 1067 in
526 1015 636 1068 actione
651 1013 809 1085 [Vagellius
823 1015 974 1070 coniecerat
982 1016 1139 1081 Buecheler,

115 1095 212 1156 posim
226 1087 401 1155 probabilius
418 1084 581 1148 Volcacius,
604 1103 682 1154 quem
704 1092 810 1140 secutus
832 1087 897 1151 Leo,
922 1087 974 1140 Rb.
996 1088 1074 1141 Mus.
1094 1091 1138 1141 38.

121 1163 195 1214 1883
214 1175 244 1227 p.
260 1162 314 1212 321
341 1159 449 1226 reliqua
473 1157 504 1210 in
530 1157 739 1211 enumeratione
764 1158 931 1228 immutavit]
960 1157 1014 1210 ait:
1042 1173 1086 1211 naa
1105 1190 1138 1198 -

118 1245 214 1284 saeuas
247 1230 282 1295 cf.
297 1230 333 1295 in
347 1232 375 1282 2.

194 1307 208 1353 1
228 1299 281 1354 hae
305 1300 372 1369 (he):
397 1301 464 1352 tuae
487 1300 717 1354 Windischmann
786 1297 848 1353 Ter.
872 1316 916 1368 op.
940 1301 1089 1354 Buecheler
1107 1317 1140 1354 en

119 1389 170 1440 seq.
185 1373 237 1425 ret.
310 1377 326 1424 2
341 1371 390 1439 qui
404 1371 479 1424 iura:
495 1379 598 1439 tranen.
610 1371 716 1426 Bitschl
760 1370 917 1424 rotantibus
932 1372 1025 1426 Paris.
1036 1372 1078 1439 (in
1087 1388 1138 1440 my.

119 1443 256 1497 terentius
264 1444 380 1510 Daniel)
389 1441 599 1496 recensentibus
607 1442 853 1497 rell.:del.Rilschl
912 1441 988 1495 sille
996 1443 1061 1498 add.
1069 1443 1140 1496 idem

454 1687 498 1769 L.
532 1683 798 1769 MANILIUS

119 1922 231 1977 VITAE
466 1852 504 1918 A.
528 1851 796 1918 rnsrmoun

197 2018 221 2066 1.
243 2012 407 2066 ‘Manilius'
429 2012 527 2081 lenitur
541 2012 618 2080 apud
637 2011 786 2066 Varronem
805 2011 848 2079 (de
862 2013 879 2065 l.
895 2013 929 2066 L.
945 2012 995 2080 bis)
1015 2011 1143 2065 Plinium

121 2079 304 2152 (‘Mdmilius'
316 2085 396 2138 seniel
406 2084 436 2136 in
447 2083 533 2149 codd,
546 2082 709 2138 ‘Manilius'
722 2083 875 2154 [mamilius
885 2082 1027 2152 Iliccard]
1042 2084 1142 2137 iterum

121 2159 146 2208 st
164 2157 195 2209 in
213 2156 313 2224 indice)
333 2156 487 2209 Arnobium
505 2155 619 2210 Festum
624 2175 634 2221 ;
658 2155 810 2209 ‘Manlius’
832 2155 909 2222 apud
929 2155 1078 2208 Varronem
1099 2155 1142 2221 (de

121 2243 170 2280 cece
198 2227 339 2292 Phoenice,
367 2233 399 2281 ut
427 2227 568 2281 Manilius
595 2227 708 2296 Plinii);
739 2225 868 2288 ‘Asinius
891 2224 1033 2288 Milieos’
1063 2226 1143 2294 apud

122 2297 307 2367 Dionysium
329 2298 380 2351 sub
399 2298 497 2365 quibus
515 2297 673 2351 nominibus
693 2299 845 2352 Mammam
869 2297 984 2351 eundem
1006 2297 1143 2350 hominene

123 2369 207 2421 latere
234 2369 368 2422 intelleuit
395 2368 459 2435 (Rh.
481 2369 557 2422 Mus.
574 2372 616 2421 16.
646 2372 718 2422 1861
732 2385 763 2437 p.
778 2372 835 2422 284
848 2369 906 2436 sa).
948 2368 1022 2421 hunc
1050 2372 1143 2421 autem

121 2439 236 2493 eundem
251 2455 304 2493 esse
318 2445 399 2507 atque
412 2441 622 2508 yrammaticum
636 2457 665 2493 eo
679 2439 855 2492 emisimilius
863 2444 909 2504 est,
924 2439 997 2506 quod
1008 2438 1042 2492 de
1051 2443 1142 2508 poste

121 2513 193 2565 eioee
211 2511 394 2564 testimonium
413 2511 502 2578 (infin
516 2513 543 2580 4)
563 2527 646 2578 aeque
664 2516 744 2578 atque
754 2511 860 2578 primis
874 2511 967 2564 onmia
983 2510 1143 2579 fraumenta

121 2601 140 2636 a
160 2582 284 2636 Varrone
306 2587 416 2650 accepta
437 2587 510 2635 ment.
545 2582 670 2650 alioquin
697 2581 732 2647 ef.
753 2581 867 2646 Bitschl,
891 2581 1005 2634 Parce.
1028 2598 1056 2650 p.
1076 2584 1142 2635 242.

122 2655 307 2778 aliterOJentit
328 2652 502 2719 Hirschfeld,
528 2653 611 2707 Siteb.
630 2654 656 2707 d.
676 2653 778 2719 Pseud.
798 2651 889 2706 Anae.
909 2652 934 2706 d.
987 2653 1042 2706 sch.
1057 2653 1144 2722 phil.-

120 2726 182 2778 nea.
236 2765 242 2776 .
269 2728 342 2778 1903
365 2741 395 2793 p.
411 2728 435 2778 4.

192 2799 220 2848 2.
250 2797 325 2850 Ple'n.
340 2813 368 2848 n.
383 2796 409 2848 h.
425 2801 468 2862 10,
483 2799 500 2848 4
518 2795 625 2863 primus
645 2796 730 2862 atquo
749 2793 966 2862 diligentissime
980 2796 1144 2864 togatorum

122 2864 157 2918 de
180 2881 213 2920 eo
238 2865 299 2936 [aue
318 2865 460 2936 phoenice]
486 2865 612 2934 prodidit
634 2865 767 2918 Manilius
794 2867 907 2919 senator
933 2864 983 2918 ille
1009 2866 1143 2919 maximis

122 2935 227 2990 nobilis
242 2936 377 2991 doctrinis
388 2936 501 2990 doctore
515 2936 593 2990 nullo
603 2969 646 2990 -.
675 2942 691 2991 5
706 2953 769 2989 cum
783 2936 866 2990 huius
879 2935 956 2990 alitis
970 2937 1031 2990 vita
1043 2937 1144 3006 magni

122 3007 332 3062 conversionem
351 3008 418 3060 anni
436 3007 501 3060 fieri
518 3008 613 3076 prodit
631 3008 707 3062 idem
725 3007 906 3061 Manilius-
927 3009 956 3062 et
974 3007 1062 3062 finisse
1083 3009 1144 3062 eius

123 3079 310 3134 conversionis
329 3096 433 3132 annum
451 3079 588 3147 prodente
607 3096 636 3133 se
654 3079 684 3132 P.
704 3078 812 3133 Licinio
832 3078 879 3132 Cn.
895 3077 1024 3134 Cornelio
1042 3095 1143 3134 eonsu-

121 3149 196 3204 libus
216 3150 254 3221 [a.
275 3150 386 3222 657s97]
407 3147 520 3204 CCXV.
556 3152 709 3205 Mommsen
726 3150 793 3204 ibid.
813 3167 874 3204 eum
896 3168 954 3206 non
976 3152 1066 3206 alium
1089 3167 1145 3207 esse

122 3222 281 3289 suspicatus
291 3238 325 3276 aa
333 3222 367 3274 L.
379 3221 522 3275 Manlium
532 3229 752 3290 pecquaestoeem
762 3221 855 3277 Sullae
866 3239 892 3275 a.
904 3219 1007 3294 cnossi
1019 3221 1145 3278 Galliae·

123 3310 173 3362 que
191 3293 382 3348 Narbonensis
395 3293 550 3363 praesidem
570 3311 595 3346 a.
616 3291 726 3364 677f77.

111 3415 355 3472 SOEH’TORUM

171 3508 199 3557 3.
220 3507 329 3564 leba-um
349 3528 449 3567 neeuen
467 3511 696 3568 memorabilium
714 3526 733 3564 o
756 3508 877 3562 Manilio
895 3507 1027 3573 scrinium,
1041 3524 1097 3562 csse
1112 3526 1147 3564 en

79 3567 144 3624 loeo
152 3574 261 3633 Plinii
272 3584 346 3653 (test.
357 3586 398 3656 2),
416 3603 455 3644 sec
468 3586 556 3643 Vari.
568 3585 606 3640 de
619 3586 639 3640 l.
651 3583 689 3640 L.
701 3587 728 3651 5,
737 3583 788 3647 32Ὶ
799 3596 834 3635 eu
843 3575 982 3646 Diocmsio
992 3576 1065 3629 Eoi.
1076 3580 1166 3645 ausin
