2400 3824
503 193 531 246 L.
553 192 665 247 Cincius
1026 193 1092 257 373

146 355 177 408 F
175 359 220 408 eti.
235 372 265 423 p.
280 357 362 420 214⁶,
377 358 411 408 31
430 379 541 416 peremere
555 385 581 392 -
595 367 724 418 prohit0103
748 355 779 406 at
797 352 866 406 Calo
884 353 915 406 in
932 353 961 408 li.
981 354 1031 422 qui
1050 356 1093 408 est

70 424 295 565 {iurianliiitffl
314 441 365 494 pro
387 425 485 478 vitiare
504 441 570 477 usus
590 425 656 496 [cst]
677 427 720 479 est
739 425 768 496 [4
783 424 831 495 J.].
860 425 894 491 cf.
914 426 996 479 Paul.
1016 426 1091 480 Feet.

523 614 545 670 2
578 605 649 691 [13]

142 737 297 796 reconduit
314 736 460 810 refecerit,
483 740 518 794 ut
537 737 661 796 condere
680 737 782 795 urbem
801 736 906 811 facere,
929 735 1092 810 aedificare,

74 829 110 884 ut
134 823 252 885 Cincius
274 828 404 885 testatur
426 827 458 884 in
481 825 558 884 libro
583 825 618 883 de
642 825 740 884 verbis
763 827 878 901 priscis

146 925 221 979 Feci.
233 943 264 993 Ρ.
278 929 363 991 277‘2,
377 929 395 980 3
412 939 530 979 recondult
544 956 567 965 -
582 939 666 986 priscis.

149 1038 161 1084 1
182 1032 368 1086 reconductae
386 1031 496 1085 fecerit:
516 1049 564 1085 ene.
584 1032 656 1086 Scal.
728 1034 761 1084 nt
782 1030 899 1085 omae:
922 1034 951 1084 et

525 1212 546 1267 a
571 1203 641 1288 [15]

144 1353 245 1410 quem
274 1334 317 1393 ad
346 1334 485 1393 modum
515 1336 628 1392 omnis
651 1333 725 1392 fore
756 1335 909 1392 materia
939 1353 1007 1392 non
1035 1333 1093 1392 do·

75 1424 232 1481 formata
251 1423 351 1482 rudis
376 1424 593 1500 appellatur,
617 1425 713 1483 sicut
733 1425 988 1482 vestimentum
1007 1423 1093 1482 rude

76 1531 145 1570 non
181 1513 418 1588 perpolitum,
460 1515 510 1570 sio
548 1530 605 1571 aas
642 1513 817 1570 infectum
854 1512 1092 1572 rudusculum.

77 1601 170 1677 apud
201 1601 321 1660 aedem
352 1601 537 1676 Apollinis
573 1620 630 1660 aas
666 1602 865 1660 conflatum
897 1603 1024 1674 iacuit,
1056 1601 1093 1660 id

77 1690 246 1749 adrudus
266 1690 516 1765 appellabant,
539 1686 595 1767 <et
618 1685 753 1768 adhuc>
777 1689 813 1749 in
836 1690 1119 1749 aestimatione⁶

77 1782 241 1839 censoria
274 1798 332 1838 aas
364 1779 538 1838 infectum
569 1775 691 1838 rudus‘
713 1781 931 1854 appellatur.
978 1779 1094 1838 radiari

77 1868 115 1926 ab
139 1869 241 1927 eodem
265 1869 412 1942 dicuntur,
437 1869 488 1944 qui
512 1887 585 1946 saga
607 1887 685 1927 nova
708 1869 833 1944 poliunt.

148 1968 220 2022 Fest.
236 1985 266 2036 p.
282 1971 395 2033 265a‚4
412 1967 497 2020 rodus
517 1966 560 2021 vel
578 1967 682 2021 raudus
702 1967 843 2036 significat
860 1983 919 2021 rem
942 1967 1041 2020 rudem
1064 1968 1094 2021 et

76 2038 274 2106 inperfectam
300 2053 367 2091 nam
391 2055 487 2092 saxum
511 2054 622 2106 quoque
640 2039 745 2092 raudus
765 2038 910 2106 appellant
928 2041 1038 2106 poetae,
1061 2040 1094 2092 ut

75 2109 178 2162 Accius
197 2109 226 2162 in
242 2109 403 2178 Melanippo
423 2110 458 2181 [v.
473 2114 528 2164 437
542 2109 662 2180 Ribb.⁸]:
684 2110 824 2163 ‘constitit
843 2110 1003 2181 [constituit
1021 2111 1093 2165 coda

77 2198 124 2234 em.
146 2181 333 2262 Auyuetiuus]
354 2181 486 2250 cognovit
505 2181 600 2249 sensit,
625 2180 753 2235 conlocat
772 2198 832 2234 sese
851 2182 881 2234 in
899 2181 992 2234 locum
1007 2182 1021 2252 J
1038 2180 1093 2236 cel-

76 2269 147 2316 sum,
166 2251 232 2305 hinc
250 2253 379 2305 manibus
398 2267 496 2321 rapere
514 2252 619 2306 raudus
640 2269 753 2306 saxeum
772 2254 878 2321 grando
893 2256 922 2308 ct
935 2253 1046 2322 grave'3
1064 2253 1094 2307 et

77 2323 106 2375 in
127 2321 283 2392 Chrysippo
303 2324 338 2394 [o.
353 2324 433 2394 263]:
455 2323 556 2391 ‘neque
575 2323 724 2391 quisquam
744 2340 760 2377 a
779 2323 843 2377 telis
861 2340 975 2390 vacuus,
994 2323 1041 2376 sed
1061 2325 1094 2376 ut

77 2394 179 2461 cuique
198 2394 308 2448 obviam
320 2395 334 2466 s
345 2395 445 2460 fuerat,
464 2394 568 2448 ferrum
583 2395 664 2462 alius,
679 2394 795 2467 <alius>
811 2395 871 2448 saxi
889 2395 988 2448 rodera
1002 2394 1093 2466 [saxio

74 2465 174 2524 rudem
198 2466 270 2520 coci:
294 2484 342 2521 em.
367 2466 546 2537 Buecheler]'.
584 2466 684 2535 vulgus
708 2466 822 2533 quidem
847 2466 877 2518 in
902 2484 956 2519 usu
982 2465 1092 2529 habuit,

75 2554 133 2590 non
151 2537 234 2590 modo
253 2553 303 2606 pro
322 2553 386 2608 aere
405 2537 570 2605 inperfecto,
588 2540 621 2591 ut
634 2536 757 2591 Lucilius
776 2540 840 2590 'cum
859 2537 900 2590 ait
918 2537 1004 2608 [1192
1018 2538 1079 2590 Ma.

78 2607 198 2676 ‘plumbi
216 2608 352 2677 paxillum
371 2609 456 2662 rodus
474 2608 582 2676 linique
600 2611 742 2662 mataxam
758 2608 909 2680 [matexam
928 2608 1019 2732 codgss
1044 2623 1073 2660 se

76 2679 164 2733 etiam
174 2679 268 2762 <pro>
279 2680 398 2750 signato,
410 2681 477 2747 quia
491 2680 521 2732 in
536 2680 723 2749 mancipando
740 2695 802 2732 cum
817 2679 920 2732 dicitur
931 2680 974 2732 ‘ru
995 2678 1093 2733 usculo

75 2749 178 2804 libram
203 2751 308 2819 fento',
334 2768 396 2804 asse
424 2752 552 2820 tangitur
574 2751 654 2804 libra.
693 2749 804 2804 Cincius
828 2751 863 2804 de
882 2751 972 2805 verbis
991 2750 1091 2818 priscis

76 2822 117 2875 sic
143 2822 196 2875 ait:
222 2849 288 2885 quam
307 2837 444 2877 admodum
464 2855 496 2862 -
516 2837 608 2886 poliunt
650 2822 791 2876 hominem
816 2822 970 2890 inperitum
993 2822 1092 2875 rudem

76 2893 204 2946 dicimus.
233 2901 316 2948 totam
333 2896 450 2964 cloccam
469 2913 482 2949 e
502 2895 596 2950 Cincio
610 2901 767 2964 promptam
786 2910 839 2948 ease
854 2900 931 2962 pato.

150 3015 163 3061 1
179 3010 304 3063 nondum
318 3009 440 3062 formata
450 3012 577 3064 Huschke
657 3015 672 3062 2
687 3010 798 3063 rudem:
813 3026 861 3063 em.
877 3009 936 3064 Ure.
1019 3013 1092 3063 tru-

76 3081 128 3132 dus
155 3081 263 3134 cuium:
292 3099 339 3135 em.
369 3082 428 3135 Urs.
456 3082 550 3134 rudus.
577 3081 644 3149 quia
669 3083 721 3135 aliz·
811 3087 826 3134 t
856 3082 883 3134 et
909 3079 1001 3135 adhuc
1027 3081 1091 3135 add.

76 3206 204 3259 Huschke
294 3205 503 3260 inestimatione
598 3170 723 3258 trudis
815 3205 924 3274 tquod
943 3223 983 3277 oy.

526 3379 545 3433 4
570 3368 641 3453 [17]

146 3517 264 3557 scenam
285 3499 462 3558 -Cincius
481 3502 513 3557 in
531 3499 618 3573 libro,
636 3500 689 3575 qui
707 3500 753 3557 est
768 3492 824 3577 [ei]
844 3499 879 3558 do
899 3500 997 3560 verbis
1015 3503 1092 3574 oris·

76 3588 126 3660 cis,
148 3587 300 3648 dolabram
325 3590 370 3648 ait
393 3607 456 3650 esse
480 3587 680 3669 pontificiam.
