2400 3824
452 183 488 238 M.
508 183 655 239 Terentius
673 185 762 240 Varro
812 160 813 163 Ἴ
1049 185 1114 250 279

100 370 168 409 cum
200 351 326 410 dicimus
358 351 437 427 pluit
468 353 516 411 vel
549 353 681 430 ninguit,
716 353 807 412 etiam
840 354 865 412 si
896 373 956 414 non
988 354 1117 414 addatur
1130 372 1156 413 ιι

99 443 166 516 quis
183 441 270 516 pluat
288 444 341 499 aut
359 440 494 519 ninguat,
512 444 615 500 tamen
634 443 705 517 quia
725 443 921 520 intellegitur,
940 463 999 502 non
1017 448 1116 518 potest

98 530 177 588 inter
200 530 347 605 simplicia
370 531 528 589 numerari.
570 533 731 591 coniuncta
753 532 844 590 rerba
867 535 938 591 sunt
960 552 1036 608 quae
1059 533 1117 592 sibi

99 638 210 678 conexa
232 637 278 677 res
301 619 402 694 plures
425 619 603 697 significant,
630 623 665 678 ut
688 639 756 680 cum
778 620 903 680 dicimus
931 616 1031 681 ‘homo
1054 641 1116 680 am-

97 703 195 766 bulat'
215 711 269 766 aut
288 703 388 768 ‘homo
410 709 556 768 festinans
575 710 606 766 in
625 712 758 768 montem
781 705 927 768 ambulat'
950 713 981 769 ιι
999 713 1025 770 si
1043 711 1116 786 quid

97 797 166 855 tale.
213 797 264 858 sed
287 799 513 856 coniunctorum
543 797 700 857 verborum
723 800 784 857 elia
807 802 877 858 sunt
900 817 975 875 quae
999 802 1115 859 senten·
1130 817 1157 856 so

97 887 173 944 tiam
196 886 458 962 comprehendunt,
488 890 523 945 ut
546 906 581 945 ea
605 905 681 962 quae
704 887 886 962 dictasunt,
912 883 995 966 <alia
1019 885 1117 966 quae>

98 978 256 1051 expectant
279 975 394 1050 aliquid
418 971 477 1054 <ad
496 976 715 1052 conpletionem
736 972 931 1053 sentcntiae),
955 980 989 1035 ut
1012 977 1116 1036 eadem

96 1065 164 1140 ipsa
178 1064 254 1140 quae
273 1083 352 1123 nunc
371 1065 508 1138 diximus,
527 1067 554 1124 si
573 1065 730 1125 subtrahes
744 1066 868 1125 verbum
886 1066 966 1142 quod
985 1068 1115 1143 positum

97 1156 143 1212 est
171 1153 316 1222 ambulat3
349 1155 484 1229 quamvis
512 1155 592 1212 enim
618 1154 709 1214 verba
736 1157 895 1214 coniuncta
922 1159 983 1215 sint
1015 1152 1115 1216 ‘homo

96 1243 242 1301 festinans
265 1245 297 1301 in
319 1237 473 1318 montem',
502 1248 605 1302 tamen
628 1244 724 1304 adhuc
746 1244 856 1320 pendet
879 1246 984 1304 oratio.
1031 1265 1115 1322 sepa·
1130 1262 1156 1303 ιι

96 1332 171 1390 ratis
194 1333 289 1408 igitur
316 1332 362 1391 his
386 1332 552 1391 coniunctis
574 1333 682 1408 verbis,
713 1352 791 1408 quae
814 1353 874 1393 non
902 1335 1028 1410 implent
1051 1353 1116 1394 sen-

96 1423 233 1494 tentiam,
256 1424 372 1480 restant
391 1439 426 1480 ea
444 1421 536 1480 verba
554 1418 726 1495 coniuncta,
744 1442 821 1498 quae
839 1424 1018 1482 sententiam
1037 1442 1116 1482 com·
1169 1465 1176 1478 .

96 1509 294 1585 prehendunt.
340 1511 447 1569 horum
478 1513 552 1570 item
581 1509 657 1570 duae
670 1506 673 1511 ’
688 1513 799 1586 species
830 1515 907 1573 sunt.
954 1515 1007 1571 aut
1036 1515 1116 1571 enim

96 1601 139 1657 sic
169 1601 317 1657 sententia
348 1600 609 1674 comprehenditur
630 1603 665 1658 ιιι
691 1620 761 1659 vero
790 1603 843 1660 aut
870 1601 946 1660 falso
976 1603 1117 1660 teneatur

96 1686 233 1762 obnoxie,
263 1693 299 1746 ut
323 1691 368 1746 est
396 1682 616 1748 ‘omnishomo
640 1684 786 1747 ambulat'
815 1693 868 1748 aut
896 1685 1003 1750 ‘omnis
1026 1691 1115 1750 homo
1129 1709 1156 1750 so

94 1795 156 1834 non
179 1772 327 1835 ambulat’
347 1779 378 1836 et
396 1779 422 1835 si
443 1777 515 1853 quid
537 1777 628 1837 huius
645 1777 728 1836 modi
746 1781 805 1854 est3
829 1781 882 1836 aut
903 1781 949 1838 ita
970 1779 1116 1856 impletur

95 1867 258 1941 sententia,
288 1869 323 1924 ut
352 1866 423 1925 licet
451 1865 588 1942 perficiat
616 1869 802 1943 propositum
833 1867 939 1944 animi,
971 1867 1116 1927 affirmari

94 1957 196 2013 tamen
219 1956 360 2032 negarive
383 1975 443 2014 non
461 1955 565 2031 possit,
587 1959 622 2015 ut
640 1974 708 2015 cum
729 1957 920 2031 imperamus,
943 1975 1010 2016 cum
1029 1961 1114 2034 opta·

94 2063 170 2118 mus,
190 2063 259 2102 cum
277 2063 463 2103 exsecramur
482 2049 512 2103 et
530 2045 648 2104 similia.
679 2064 750 2104 nam
768 2047 902 2121 quisquis
921 2046 994 2105 dicit
1012 2042 1114 2124 ‘perge

93 2133 134 2190 ad
161 2128 277 2191 villam’
307 2135 356 2192 vel
387 2128 515 2193 ‘utinam
542 2137 649 2212 pergat
672 2133 709 2192 ad
732 2128 848 2193 villam'
878 2135 927 2194 vel
957 2129 1001 2193 ‘di
1027 2135 1114 2194 illum
1127 2154 1154 2196 ss

94 2217 257 2297 perduint',
281 2242 341 2281 non
358 2225 458 2298 potest
476 2223 562 2300 argui
581 2223 661 2298 quod
682 2224 845 2282 mentiatur
864 2226 918 2283 aut
936 2224 1015 2284 credi
1034 2224 1114 2300 quod

94 2330 199 2369 verum
223 2310 311 2370 dicat.
352 2312 429 2370 nihil
453 2313 530 2370 enim
556 2311 718 2371 affirmavit
741 2315 795 2372 aut
817 2315 947 2391 negavit,
970 2332 1041 2392 ergo
1059 2333 1114 2374 nec

94 2400 172 2459 tales
201 2401 366 2459 sententiae
389 2403 421 2458 in
445 2401 650 2476 quaestionem
676 2402 811 2474 veniunt,
840 2405 875 2460 ut
897 2400 1114 2478 disputatorem

92 2491 257 2564 requirant.
302 2490 354 2548 sed
386 2490 456 2547 illae
484 2509 560 2565 quae
589 2491 747 2565 requirunt
776 2492 829 2549 aut
861 2490 1009 2566 simplices
1042 2496 1113 2551 sunt

93 2582 147 2636 aut
166 2579 348 2638 coniunctae.
388 2579 538 2654 simplices
561 2584 631 2637 sunt
655 2599 731 2654 quae
743 2579 818 2665 “sine
836 2579 900 2638 ulla
923 2581 1112 2656 copulatione
1125 2599 1153 2640 so

93 2667 259 2726 sententiae
282 2667 406 2726 alterius
430 2669 633 2741 enuntiantur,
658 2672 693 2726 ιιι
716 2671 762 2727 est
783 2668 859 2726 illud
883 2668 962 2745 quod
987 2669 1112 2730 dicimus

94 2751 202 2815 ‘omnis
226 2757 315 2815 homo
339 2751 494 2830 ambulat'3
524 2758 699 2816 coniunctae
722 2761 792 2816 sunt
815 2757 850 2816 de
874 2777 1000 2833 quarum
1023 2777 1111 2835 copu-

92 2846 206 2904 latione
229 2845 388 2919 iudicatur,
419 2848 453 2904 ut
476 2849 521 2904 est
545 2840 583 2904 ‘si
606 2847 740 2905 ambulat
767 2841 924 2906 movetur'.
970 2846 1022 2906 sed
1045 2867 1112 2908 cum

93 2935 129 2992 de
164 2936 370 2993 coniunctione
407 2936 624 2994 sententiarum
660 2936 804 2994 iudicium
834 2935 883 3010 fit,
918 2935 1035 2994 tamdiu
1067 2940 1112 2998 est

92 3023 187 3082 donec
213 3025 407 3099 perveniatur
430 3023 469 3082 ad
496 3042 651 3083 summam.
696 3043 812 3084 summa
835 3029 880 3084 est
903 3028 1003 3084 autem
1034 3045 1111 3102 quae
1124 3045 1150 3085 rs

92 3112 250 3172 conficitur
272 3133 308 3170 ιιι
331 3113 485 3172 concessis.
532 3113 612 3188 quod
640 3113 706 3173 dico
728 3113 790 3172 tale
813 3116 871 3172 est:
901 3113 954 3190 qui
976 3113 1050 3174 dicit
1073 3111 1111 3174 ‘si

92 3202 228 3260 ambulat
250 3196 398 3260 movetur’
426 3201 553 3278 probare
576 3202 643 3262 vult
666 3202 789 3278 aliquid,
817 3206 851 3262 ut
874 3222 941 3262 cum
963 3203 1020 3262 hoc
1042 3222 1109 3262 con·

92 3309 206 3350 cessero
234 3309 338 3350 verum
368 3309 444 3365 esse,
473 3293 566 3350 restet
592 3291 640 3350 illi
662 3292 766 3351 docere
797 3292 877 3367 quod
905 3291 1050 3366 ambulet,
1080 3295 1111 3350 et

91 3399 209 3438 summa
233 3383 439 3456 consequatur,
470 3399 546 3457 quae
568 3382 631 3440 iam
656 3383 765 3462 negari
787 3399 854 3441 non
871 3383 996 3457 potest,
1014 3337 1058 3434 'ud
1076 3381 1127 3431 esu

88 3468 171 3540 quod
189 3471 292 3526 moret
293 3488 335 3543 ur,
364 3473 419 3529 aut
440 3473 536 3534 restet
565 3471 615 3535 illi
639 3473 761 3551 docere,
789 3470 880 3550 quod
901 3487 974 3527 non
990 3462 1158 3522 morsum
1160 3464 1194 3500 w

73 3556 111 3608 nt
127 3559 331 3629 consequatur
347 3579 483 3643 summa,
509 3586 595 3646 quae
617 3568 703 3630 item
720 3587 792 3628 mm
808 3562 925 3643 potest
945 3564 1019 3613 non
1035 3532 1184 3601 educet*-
