2400 3824
130 178 197 242 432
282 177 489 232 Grammaticae
508 178 610 232 aetatis
630 177 821 231 Varronianae
840 177 1000 246 fragmenta

200 340 274 394 Far.
289 357 319 408 p.
336 343 415 405 6566,
429 343 467 394 ee
484 353 566 393 muna.
579 371 606 378 -
619 306 719 392 aare.
738 339 774 403 cr.
794 339 876 392 Pane.
896 338 971 392 Fae.
986 343 1097 406 6159,
1113 344 1156 392 10.

135 411 223 466 Varro
242 427 286 479 ap.
306 411 381 465 Nea.
396 428 426 479 ρ.
441 415 506 476 223,
521 414 564 464 17.
602 409 675 490 Seru.
695 411 765 464 Dan
793 410 852 464 buc.
870 414 897 474 8,
911 413 957 463 82.

202 514 215 560 1
235 508 309 561 muri
327 510 385 562 est:
404 525 451 562 em.
472 508 531 562 Urs.
606 513 621 560 6
641 507 747 561 addent

580 663 600 716 7
625 652 695 737 [14]

199 765 358 824 offendices
388 797 431 805 -
455 765 604 824 Veranius
636 765 749 825 coriola
781 767 940 838 existimat,
980 783 1059 839 quae
1093 764 1155 823 sint

128 855 252 913 inlunis
272 856 375 930 apicis,
399 855 506 930 quibus
531 872 606 930 apex
629 855 796 913 retineatur
814 857 845 912 et
867 853 1050 927 remittatur,
1076 873 1152 928 quae

129 943 166 1002 ab
186 943 360 1002 offendendo
380 943 530 1017 dicantur3
554 962 624 1001 nam
644 962 734 1018 quom
757 943 795 1000 ad
818 945 954 1000 mentum
972 948 1153 1018 perventum

129 1035 178 1107 sit,
202 1032 311 1092 offendi
334 1034 476 1091 mentum.

201 1133 274 1186 Fest.
290 1136 587 1200 p.205‹1,20n0ne100s
606 1130 647 1184 ait
666 1147 726 1184 esse
745 1131 837 1184 Titius
857 1130 958 1201 [fr.1].
992 1132 1025 1183 66
1039 1145 1151 1185 vermina

128 1234 155 1242 —
169 1221 274 1256 mentum
301 1203 336 1269 cf.
357 1203 439 1256 Paul.
459 1203 533 1257 Feet.
550 1220 578 1270 p.
594 1207 657 1268 204,
673 1208 696 1257 1.

201 1307 218 1354 4
237 1299 470 1354 offendimentum
487 1302 545 1355 ced.
566 1299 684 1354 offendit
702 1303 829 1354 mentum
846 1317 888 1369 ey.

579 1435 600 1491 8
642 1433 683 1491 15

197 1540 310 1599 oletum
342 1543 454 1600 stercus
486 1427 658 1598 humanudn.
683 1427 867 1598 ]Veranius:
901 1538 1093 1598 Sacerdotula
1119 1540 1150 1596 in

128 1631 258 1689 sacrario
281 1629 413 1687 Martiali
437 1629 509 1688 fecit
532 1629 653 1687 oletum.

201 1729 282 1782 Paul.
304 1728 375 1782 Fert.
387 1744 418 1795 p.
432 1732 497 1792 203,
513 1733 528 1780 1
547 1743 631 1781 olerum
645 1759 672 1766 -
685 1741 701 1781 r.
711 1743 801 1781 oretum.
834 1726 942 1780 Paulus
958 1727 1078 1780 Veranio
1096 1727 1150 1795 ipsi

128 1801 211 1925 em
235 1799 312 1936 Ilaec&
332 1830 365 1839 -
391 1799 437 1852 οἱ)
462 1800 615 1867 adscripsit·
630 1800 818 1864 vfestinantiae
843 1804 876 1852 ut
902 1814 990 1865 supra
1018 1814 1065 1865 ap.
1091 1798 1148 1850 Vct.

211 1913 216 1924 ’
581 1942 696 2028 9[11]

196 2055 343 2114 Veranius
372 2075 407 2114 ex
434 2057 531 2131 primo
559 2055 636 2114 libro
660 2055 787 2114 Pictoris
818 2049 886 2134 [IA
907 2059 934 2122 1,
953 2048 1075 2133 16166]
1106 2053 1148 2111 ita

129 2145 371 2204 dissertationem
394 2144 482 2202 huius
501 2144 584 2203 verbi
608 2138 786 2223 [porricere]
811 2145 966 2203 exsecutus
985 2145 1045 2201 est:
1069 2145 1148 2201 exta

128 2235 371 2309 porriciuuto‚
395 2233 449 2291 dis
474 2234 583 2292 danto
606 2235 639 2291 in
663 2233 798 2292 altaria
817 2251 960 2292 aramve
983 2233 1147 2290 locumve

129 2342 228 2397 eove,
253 2342 319 2398 quo
344 2325 425 2380 exta
448 2322 526 2381 dari
550 2322 736 2381 debebunt.

202 2422 326 2476 Macrob.
346 2425 372 2488 3,
390 2425 418 2486 2,
437 2424 454 2474 3
479 2437 546 2473 nam
571 2422 600 2473 et
625 2437 659 2473 ex
682 2419 834 2489 disciplina
856 2418 1040 2488 haruspicum
1063 2421 1147 2472 etex

128 2495 279 2562 praecepto
303 2491 468 2561 pontificum
490 2491 606 2544 verbum
631 2492 684 2545 hoc
703 2491 865 2562 [porricere]
885 2489 1020 2544 sollemne
1044 2488 1147 2543 sacnti·

110 2563 258 2618 cantibus
278 2566 329 2631 est,
348 2563 421 2618 sicut
439 2577 550 2616 Veranius
563 2594 590 2602 -
603 2577 722 2617 debebunt
754 2564 789 2631 cf.
808 2563 877 2616 leid.
896 2579 934 2616 or.
955 2566 998 2628 10,
1011 2565 1076 2616 216.

200 2669 215 2716 2
235 2663 278 2716 666
294 2664 298 2730 Ι
315 2664 461 2714 exsecutus
480 2663 524 2714 666
542 2661 641 2714 Bamb.
721 2667 736 2712 3
755 2658 897 2729 poriciunt
913 2661 917 2730 Ι
934 2659 1028 2713 Poris.
1107 2657 1147 2711 di-

129 2735 203 2788 stato
222 2734 253 2786 in
272 2732 425 2786 alteramve
444 2733 542 2786 Bamb.
563 2731 688 2784 distento
708 2748 820 2786 aramve
840 2732 878 2785 id.
898 2748 933 2784 m.
951 2748 1003 2786 rec.

568 2868 609 2922 10
635 2858 705 2944 [12]

195 2967 451 3049 praesen<tauea>
478 2990 569 3047 porca
598 2971 717 3046 dicitur,
747 2975 781 3029 ut
809 2973 853 3029 ait
875 2970 1038 3043 Veranius,
1071 2988 1145 3045 quae

128 3063 262 3121 familiae
294 3061 468 3138 purgandae
500 3077 591 3119 causa
619 3059 718 3119 (lereri
749 3061 931 3133 immolatur,
964 3059 1045 3135 quod
1077 3076 1146 3134 pars

129 3151 274 3226 quaedam
299 3152 363 3208 eius
386 3149 515 3209 sacrifici
537 3148 572 3206 fit
593 3151 626 3208 in
649 3152 809 3225 conspectu
832 3149 1040 3218 mortmaine,
1064 3150 1146 3206 cuius

129 3241 219 3300 funus
242 3241 418 3299 instituitur.

200 3339 273 3394 Fert.
292 3355 322 3408 p.
337 3342 420 3405 250⁶,
438 3342 475 3393 25
492 3336 696 3408 ρηοιοικειιιοὴ
710 3368 737 3375 -
749 3350 880 3391 maturat.
916 3337 950 3404 cf.
972 3336 1027 3391 Cic.
1047 3336 1080 3390 616
1098 3334 1144 3406 lec.

122 3414 211 3477 257.
241 3412 319 3467 Mar.
337 3411 403 3467 Vter.
419 3427 449 3481 p.
464 3413 511 3478 25,
524 3413 569 3465 20.
1054 3453 1056 3456 .

185 3520 200 3567 1
219 3529 326 3586 presan
348 3558 355 3571 .
379 3559 385 3571 .
406 3560 411 3570 .
435 3559 441 3570 .
466 3511 552 3570 .cod.
567 3509 662 3579 666666.
677 3514 703 3563 et
717 3523 767 3561 era.
782 3505 925 3558 ’66666666
990 3510 1150 3569 unman-

108 3581 173 3642 166·
194 3607 245 3646 em.
265 3590 330 3650 Urs.
