2400 3824
128 169 194 233 284
278 168 484 222 Grammaticae
503 167 605 222 aetatis
623 167 815 223 Varronianae
834 167 996 238 fragmenta

75 356 115 396 ecc
129 337 252 396 modum
284 335 537 396 innumerabilia?
582 356 653 414 ergo
686 356 755 395 cum
787 336 912 394 dicimus
944 336 1023 413 vim,
1059 354 1147 396 sonus

129 425 212 486 verbi
235 428 269 485 ut
288 426 401 485 dictum
420 429 465 484 est
484 426 569 501 quusi
587 425 705 484 validus
725 425 864 502 congruit
881 425 926 483 rei
945 443 1038 501 quum
1058 425 1147 502 signi-

128 516 205 575 ficat.
251 516 313 574 ium
340 534 375 573 ex
397 515 451 572 illa
481 515 636 573 vicinitate
663 534 717 590 per
744 515 775 572 id
803 514 884 589 quod
912 513 1064 590 efficiunt,
1094 515 1148 573 hoo

129 609 174 663 est
201 605 274 680 quia
301 605 434 663 violenta
464 608 547 677 sunt,
578 603 658 662 dicta
685 604 807 662 vincula
836 607 962 679 possunt
992 602 1091 662 videri
1119 607 1148 662 ct

129 694 237 768 vimen,
261 713 320 769 quo
340 692 454 769 aliquid
472 693 630 751 vinciatur.
667 693 736 750 inde
754 691 840 766 vites,
864 693 945 767 quod
964 692 1149 751 adminicula

76 803 115 842 scs
130 783 238 858 quibus
270 782 440 841 innituntur
472 782 595 840 nexibus
627 781 784 858 prendunt.
830 780 899 840 hino
929 781 991 840 iam
1025 785 1149 857 propter

129 871 356 930 similitudinem
379 871 536 929 incurvum
554 888 653 930 senem
673 871 785 930 vietum
804 870 960 928 Terentius
980 870 1149 947 appellavit

130 955 209 1040 [cem.
227 954 313 1039 688]Ι
351 960 420 1018 hinc
438 963 528 1034 terra,
551 979 628 1035 queo
647 958 771 1035 pedibus
790 959 997 1018 itinerantium
1016 959 1148 1018 flexuosa

130 1053 161 1108 et
183 1049 258 1108 trita
281 1053 339 1121 est,
369 1049 420 1107 via
443 1049 559 1107 dicitur.
606 1049 632 1107 si
660 1053 759 1108 autem
783 1048 847 1123 via,
877 1048 957 1124 quod
980 1049 1011 1107 vi
1039 1048 1149 1124 pedum

129 1138 204 1196 trita
223 1141 277 1212 est,
299 1138 395 1216 magis
415 1137 546 1196 creditur
565 1138 654 1210 dicta,
677 1138 756 1196 redit
774 1137 858 1215 origo
878 1137 915 1196 ad
935 1137 1020 1195 illam
1044 1137 1149 1196 ricini·

76 1248 116 1287 no
129 1230 231 1286 tatem.
274 1227 325 1285 sed
347 1227 492 1285 faciamus
517 1247 534 1284 a
558 1226 755 1286 similitudine
778 1226 849 1285 vitis
869 1227 916 1285 vel
939 1226 1072 1301 viminis,
1096 1226 1149 1286 hoc

130 1319 175 1374 est
203 1336 221 1375 a
247 1316 325 1374 flexu
355 1335 417 1374 esse
448 1316 567 1374 dictem.
614 1317 734 1392 quaerit
763 1335 833 1393 ergo
861 1334 880 1373 a
907 1335 953 1374 me
984 1315 1149 1391 quispiam:

131 1424 223 1480 quere
241 1405 292 1464 via
311 1405 392 1463 dicta
411 1403 478 1463 est?
509 1405 680 1480 respondeo,
700 1425 718 1464 a
736 1405 823 1478 flexu,
843 1405 922 1480 quod
939 1405 1050 1462 flexum
1067 1405 1151 1463 velut

128 1494 285 1554 incurvum
307 1495 423 1553 vietum
445 1497 558 1553 veteres
583 1495 730 1568 dixerunt,
758 1493 836 1552 unde
858 1495 937 1552 vitos
960 1493 1053 1552 ctiam
1073 1512 1150 1570 quae

130 1583 239 1643 cantho
258 1582 430 1642 ambiantur
448 1586 583 1641 rotarum
596 1583 681 1660 ligna
699 1586 815 1642 vocant.
848 1583 1041 1659 persequitur
1060 1602 1149 1658 quac-

77 1695 116 1733 ris
130 1692 195 1732 rere
213 1672 291 1730 unde
308 1672 421 1730 vietum
435 1672 544 1730 flexum
557 1672 686 1746 dicatur,
705 1675 735 1730 et
753 1671 801 1730 hic
819 1671 992 1747 respondeo,
1012 1671 1150 1730 asimili-

130 1761 236 1820 tudine
255 1761 335 1820 vitis.
372 1761 467 1820 instat
485 1765 575 1837 atque
595 1761 696 1838 exigit,
719 1760 797 1819 unde
815 1762 860 1818 ita
878 1760 919 1819 sit
936 1760 1009 1819 vitis
1028 1780 1150 1838 nomen;

131 1851 211 1924 dico,
244 1850 323 1926 quod
356 1851 469 1909 vinciat
501 1869 536 1909 ca
569 1869 645 1926 quae
677 1849 941 1925 comprehenderit.
996 1852 1151 1910 scrutatur

131 1940 230 2015 ipsum
253 1941 366 1997 vincire
388 1939 467 1997 unde
491 1939 604 1999 dictum
627 1941 676 2013 sit,
704 1939 835 1998 dicemus
858 1957 877 1997 a
899 1938 938 1996 vi.
985 1939 1032 1997 vis
1057 1957 1149 2014 quare

131 2029 173 2087 sic
202 2029 373 2103 appellatur
402 2029 549 2104 requiret,
581 2028 722 2087 reddetur
750 2030 829 2086 ratio
859 2026 938 2103 quod
968 2027 1094 2086 robusto
1122 2031 1150 2085 et

77 2138 117 2178 aro
132 2119 219 2192 quasi
248 2117 348 2176 valido
379 2136 452 2177 sono
480 2117 603 2176 verbum
629 2117 674 2176 rei
701 2135 792 2192 quam
822 2115 973 2193 significat
1003 2119 1148 2194 congruit.

131 2207 212 2264 ultra
235 2207 315 2282 quod
336 2207 472 2282 requirat
494 2225 553 2264 non
579 2206 678 2265 habet.
724 2208 798 2280 quot
819 2205 916 2264 modis
940 2207 1042 2264 autem
1065 2207 1148 2283 origo

131 2295 288 2354 verborum
303 2296 492 2370 corruptione
506 2314 612 2355 vocum
628 2297 769 2369 varietur,
787 2296 924 2371 ineptum
938 2297 984 2352 est
1001 2296 1149 2370 persequi.

202 2431 319 2500 Auqcst.
345 2430 377 2483 de
400 2429 506 2484 dialect.
530 2434 609 2483 1-7
637 2428 788 2482 dialectica
815 2432 858 2482 est
884 2427 956 2482 bene
984 2427 1150 2496 disputandi

131 2501 256 2555 scientia.
295 2501 472 2569 disputamus
491 2503 586 2554 autem
604 2501 702 2567 utique
720 2499 822 2554 verbis.
859 2515 929 2554 verbs
944 2499 1040 2569 igitur
1058 2518 1099 2553 aot
1117 2530 1149 2538 -

130 2587 205 2626 currit.
237 2588 289 2625 nec
312 2572 420 2624 mireris
440 2573 514 2640 quod
539 2572 678 2640 disputat,
702 2571 829 2639 quamvis
852 2586 887 2624 ex
905 2570 1015 2624 duobus
1038 2587 1151 2638 compo-

132 2644 216 2696 situm
235 2643 285 2710 sit,
304 2646 400 2696 tamen
419 2643 493 2696 inter
512 2642 653 2712 simplicia
671 2644 847 2697 numeratum
867 2644 917 2696 est.
955 2657 1022 2694 nam
1040 2659 1085 2695 ree
1104 2641 1150 2694 de-

131 2714 258 2769 finitione
282 2714 448 2767 illustratur.
486 2714 593 2767 dictum
617 2716 659 2767 est
683 2714 758 2768 enim
781 2713 810 2766 id
834 2729 895 2767 esse
918 2711 1051 2781 simplex,
1075 2711 1150 2780 quod

131 2803 218 2838 unum
241 2785 377 2852 quiddam
401 2785 551 2856 Significat.
588 2786 685 2853 itaque
702 2799 887 2839 hocincluditur
905 2816 940 2824 -
958 2798 1150 2847 significationem.

132 2859 156 2910 si
181 2857 296 2924 quidem
324 2857 452 2924 quisquis
479 2856 549 2910 dicit
575 2856 688 2910 ambulo
714 2858 743 2909 et
768 2855 989 2910 ambulationem
1015 2854 1086 2909 facit
1109 2855 1150 2907 in-

131 2927 229 2996 tellegi
253 2930 282 2981 et
306 2944 335 2980 se
358 2929 451 2995 ipsum
474 2928 523 2995 qni
547 2927 687 2994 ambulat,
715 2930 744 2981 et
766 2927 894 2994 quisquis
918 2926 988 2980 dicit
1012 2925 1151 2992 ambulas,

133 2998 265 3053 similiter
288 3001 316 3052 et
339 3015 399 3052 rem
418 3015 490 3066 quac
509 2999 541 3052 fit
559 3001 588 3052 et
607 3014 671 3052 eum
690 2999 738 3066 qui
757 2998 827 3052 facit
850 2996 999 3068 significat.
1037 2999 1151 3052 atvero

132 3070 181 3137 qui
200 3069 270 3122 dicit
289 3068 424 3135 ambulat,
449 3069 522 3122 nihil
541 3069 619 3123 aliud
637 3087 722 3138 quam
744 3069 836 3138 ipsam
860 3068 1001 3138 significat
1025 3067 1151 3122 ambula-

131 3141 246 3194 tionem.
272 3158 357 3208 quam
368 3141 403 3194 ob
412 3157 472 3194 rem
485 3156 552 3195 toruo
560 3173 587 3181 -
596 3156 765 3204 proloquiorum
775 3166 866 3195 summe.
884 3139 936 3193 hus
947 3155 1014 3210 ergo
1024 3139 1151 3210 singulas

131 3214 226 3281 partes
245 3211 409 3282 diligentius
429 3211 608 3282 explicemus.
635 3228 729 3266 verbum
742 3231 776 3266 ou
790 3243 823 3252 -
837 3225 917 3266 neuun
930 3228 1008 3273 pouit.
1030 3243 1064 3251 -
1086 3235 1151 3265 omo

133 3299 226 3337 verbum
240 3314 273 3323 -
288 3298 377 3346 signum
391 3302 429 3338 ose.
462 3284 567 3352 quippe
585 3283 721 3353 inspectis
741 3301 758 3336 e
775 3283 888 3352 legente
906 3281 1011 3336 litteris
1030 3283 1151 3336 occurrit

124 3355 222 3410 animo
241 3354 310 3424 quid
331 3370 397 3412 voce
410 3357 584 3427 prorumpet.
609 3387 641 3394 —
665 3369 705 3410 oon
717 3369 778 3418 quoe
801 3386 835 3394 —
857 3368 975 3418 emmoni.
994 3352 1045 3407 sed
1059 3369 1150 3409 exem-

108 3426 173 3494 plis
191 3427 267 3485 liaeo
287 3427 466 3486 illustranda
485 3445 549 3486 esse
566 3426 721 3502 perspicio.
744 3457 779 3466 —
801 3441 868 3478 eccs
884 3425 961 3476 emm
974 3439 1105 3485 sonnio«
1117 3455 1150 3464 -

67 3504 214 3583 lobnam,
236 3505 270 3558 et
292 3504 449 3580 Vergilius
468 3506 508 3581 [9.
527 3509 554 3575 3,
568 3503 645 3576 223}
660 3498 801 3555 ‘reboant
816 3493 929 3574 silnae'.
955 3515 1009 3551 exso
1024 3505 1121 3568 noum
1136 3520 1168 3528 -

123 3588 206 3631 raudo,
228 3610 270 3620 —
295 3595 377 3639 soom
402 3600 548 3650 autumant,
581 3594 659 3649 quos
688 3571 794 3627 Cicero
820 3566 900 3636 iscis
926 3558 1051 3624 Usener&
1073 3572 1111 3605 m
1128 3557 1192 3605 ‘m
