<?xml version="1.0" encoding="UTF-8"?>
<!DOCTYPE html PUBLIC "-//W3C//DTD XHTML 1.0 Transitional//EN"
    "http://www.w3.org/TR/xhtml1/DTD/xhtml1-transitional.dtd">
<html xmlns="http://www.w3.org/1999/xhtml" xml:lang="en" lang="en">
 <head>
  <title>
</title>
<meta http-equiv="Content-Type" content="text/html;charset=utf-8" />
  <meta name='ocr-system' content='tesseract 3.04.00' />
  <meta name='ocr-capabilities' content='ocr_page ocr_carea ocr_par ocr_line ocrx_word'/>
</head>
<body>
  <div class='ocr_page' id='page_1' title='image "./grammaticaeroma02funagoog_0477.png"; bbox 0 0 2400 3824; ppageno 0'>
   <div class='ocr_carea' id='block_1_1' title="bbox 137 182 993 254">
    <p class='ocr_par' dir='ltr' id='par_1_1' title="bbox 137 182 993 254">
     <span class='ocr_line' id='line_1_1' title="bbox 137 182 993 254; baseline -0.002 -16"><span class='ocrx_word' id='word_1_1' title='bbox 137 185 205 247; x_wconf 82' lang='grc'><strong><em>444</em></strong></span> <span class='ocrx_word' id='word_1_2' title='bbox 305 184 511 238; x_wconf 68' lang='lat' dir='ltr'><strong><em>Grammaticae</em></strong></span> <span class='ocrx_word' id='word_1_3' title='bbox 531 184 632 239; x_wconf 73' lang='lat' dir='ltr'><strong><em>aetatis</em></strong></span> <span class='ocrx_word' id='word_1_4' title='bbox 651 184 812 254; x_wconf 70' lang='lat' dir='ltr'><strong><em>Augusteae</em></strong></span> <span class='ocrx_word' id='word_1_5' title='bbox 831 182 993 252; x_wconf 73' lang='lat' dir='ltr'><strong><em>fragmenta</em></strong></span> 
     </span>
    </p>
   </div>
   <div class='ocr_carea' id='block_1_2' title="bbox 137 357 1159 707">
    <p class='ocr_par' dir='ltr' id='par_1_2' title="bbox 137 357 1159 707">
     <span class='ocr_line' id='line_1_2' title="bbox 635 357 654 410; baseline 0 0"><span class='ocrx_word' id='word_1_6' title='bbox 635 357 654 410; x_wconf 85' lang='grc'><strong><em>4</em></strong></span> 
     </span>
     <span class='ocr_line' id='line_1_3' title="bbox 204 445 1159 528; baseline -0.001 -21"><span class='ocrx_word' id='word_1_7' title='bbox 204 449 323 527; x_wconf 79' lang='grc' dir='ltr'><strong><em>κορώνη</em></strong></span> <span class='ocrx_word' id='word_1_8' title='bbox 350 447 400 508; x_wconf 80' lang='grc' dir='ltr'><strong><em>καὶ</em></strong></span> <span class='ocrx_word' id='word_1_9' title='bbox 423 445 471 518; x_wconf 77' lang='grc' dir='ltr'><strong><em>ἐπὶ</em></strong></span> <span class='ocrx_word' id='word_1_10' title='bbox 498 458 551 509; x_wconf 82' lang='grc' dir='ltr'><strong><em>τοῦ</em></strong></span> <span class='ocrx_word' id='word_1_11' title='bbox 575 449 661 522; x_wconf 86' lang='grc' dir='ltr'><strong><em>τόξον</em></strong></span> <span class='ocrx_word' id='word_1_12' title='bbox 684 447 734 508; x_wconf 79' lang='grc' dir='ltr'><strong><em>καὶ</em></strong></span> <span class='ocrx_word' id='word_1_13' title='bbox 764 446 811 508; x_wconf 80' lang='grc' dir='ltr'><strong><em>ἐπὶ</em></strong></span> <span class='ocrx_word' id='word_1_14' title='bbox 834 457 888 526; x_wconf 76' lang='grc' dir='ltr'><strong><em>τῆς</em></strong></span> <span class='ocrx_word' id='word_1_15' title='bbox 912 448 1014 528; x_wconf 82' lang='grc' dir='ltr'><em>θύρας</em></span> <span class='ocrx_word' id='word_1_16' title='bbox 1038 445 1090 507; x_wconf 77' lang='grc' dir='ltr'><strong><em>καὶ</em></strong></span> <span class='ocrx_word' id='word_1_17' title='bbox 1114 445 1159 506; x_wconf 75' lang='grc' dir='ltr'><strong><em>ἐπὶ</em></strong></span> 
     </span>
     <span class='ocr_line' id='line_1_4' title="bbox 137 534 1157 619; baseline -0.002 -22"><span class='ocrx_word' id='word_1_18' title='bbox 137 546 189 613; x_wconf 80' lang='grc' dir='ltr'><strong><em>τῆς</em></strong></span> <span class='ocrx_word' id='word_1_19' title='bbox 208 537 347 618; x_wconf 83' lang='grc' dir='ltr'><strong><em>πρύμνης</em></strong></span> <span class='ocrx_word' id='word_1_20' title='bbox 369 547 422 598; x_wconf 87' lang='grc' dir='ltr'><strong><em>τοῦ</em></strong></span> <span class='ocrx_word' id='word_1_21' title='bbox 445 538 561 616; x_wconf 80' lang='grc' dir='ltr'><strong><em>πλοίου,</em></strong></span> <span class='ocrx_word' id='word_1_22' title='bbox 584 534 603 615; x_wconf 77' lang='grc' dir='ltr'><em>ἡ</em></span> <span class='ocrx_word' id='word_1_23' title='bbox 627 535 677 597; x_wconf 85' lang='grc' dir='ltr'><strong><em>καλ</em></strong></span> <span class='ocrx_word' id='word_1_24' title='bbox 699 537 836 619; x_wconf 88' lang='grc' dir='ltr'><strong><em>κορωνίς,</em></strong></span> <span class='ocrx_word' id='word_1_25' title='bbox 860 535 909 596; x_wconf 81' lang='grc' dir='ltr'><strong><em>διὰ</em></strong></span> <span class='ocrx_word' id='word_1_26' title='bbox 932 536 965 598; x_wconf 88' lang='grc' dir='ltr'><strong><em>τὸ</em></strong></span> <span class='ocrx_word' id='word_1_27' title='bbox 984 534 1157 614; x_wconf 72' lang='grc' dir='ltr'><strong><em>ἐπικαμπές.</em></strong></span> 
     </span>
     <span class='ocr_line' id='line_1_5' title="bbox 137 623 1158 707; baseline -0.002 -21"><span class='ocrx_word' id='word_1_28' title='bbox 137 627 249 705; x_wconf 81' lang='grc' dir='ltr'><strong><em>εἴρηται</em></strong></span> <span class='ocrx_word' id='word_1_29' title='bbox 280 623 311 687; x_wconf 83' lang='grc' dir='ltr'><strong><em>δέ</em></strong></span> <span class='ocrx_word' id='word_1_30' title='bbox 339 636 430 686; x_wconf 85' lang='grc' dir='ltr'><strong><em>ταῦτα</em></strong></span> <span class='ocrx_word' id='word_1_31' title='bbox 457 623 516 686; x_wconf 88' lang='grc' dir='ltr'><strong><em>άπὸ</em></strong></span> <span class='ocrx_word' id='word_1_32' title='bbox 544 636 596 706; x_wconf 79' lang='grc' dir='ltr'><strong><em>τῆς</em></strong></span> <span class='ocrx_word' id='word_1_33' title='bbox 618 626 754 707; x_wconf 82' lang='grc' dir='ltr'><strong><em>κορώνης</em></strong></span> <span class='ocrx_word' id='word_1_34' title='bbox 780 635 833 687; x_wconf 83' lang='grc' dir='ltr'><strong><em>τοῦ</em></strong></span> <span class='ocrx_word' id='word_1_35' title='bbox 863 625 950 698; x_wconf 84' lang='grc' dir='ltr'><strong><em>ζάου·</em></strong></span> <span class='ocrx_word' id='word_1_36' title='bbox 982 625 1158 706; x_wconf 83' lang='grc' dir='ltr'><strong><em>εὐλόγιστον</em></strong></span> 
     </span>
    </p>
   </div>
   <div class='ocr_carea' id='block_1_3' title="bbox 111 709 1157 978">
    <p class='ocr_par' dir='ltr' id='par_1_3' title="bbox 111 709 1157 972">
     <span class='ocr_line' id='line_1_6' title="bbox 137 709 1157 798; baseline 0 -24"><span class='ocrx_word' id='word_1_37' title='bbox 137 715 193 796; x_wconf 75' lang='grc' dir='ltr'><strong><em>γάρ</em></strong></span> <span class='ocrx_word' id='word_1_38' title='bbox 218 713 347 796; x_wconf 74' lang='grc' dir='ltr'><strong><em>ἔχεικαὶ</em></strong></span> <span class='ocrx_word' id='word_1_39' title='bbox 370 709 435 776; x_wconf 79' lang='grc' dir='ltr'><strong><em>οἷον</em></strong></span> <span class='ocrx_word' id='word_1_40' title='bbox 459 713 608 794; x_wconf 77' lang='grc' dir='ltr'><strong><em>ἕπικαμπῆ</em></strong></span> <span class='ocrx_word' id='word_1_41' title='bbox 633 715 684 776; x_wconf 89' lang='grc' dir='ltr'><strong><em>τδν</em></strong></span> <span class='ocrx_word' id='word_1_42' title='bbox 706 716 857 798; x_wconf 80' lang='grc' dir='ltr'><strong><em>τράχηλον.</em></strong></span> <span class='ocrx_word' id='word_1_43' title='bbox 902 712 953 774; x_wconf 84' lang='grc' dir='ltr'><strong><em>καὶ</em></strong></span> <span class='ocrx_word' id='word_1_44' title='bbox 976 713 1027 775; x_wconf 83' lang='grc' dir='ltr'><strong><em>ἐπί</em></strong></span> <span class='ocrx_word' id='word_1_45' title='bbox 1051 712 1157 795; x_wconf 82' lang='grc' dir='ltr'><strong><em>μέρους</em></strong></span> 
     </span>
     <span class='ocr_line' id='line_1_7' title="bbox 111 798 1156 884; baseline 0 -22"><span class='ocrx_word' id='word_1_46' title='bbox 111 821 123 862; x_wconf 77' lang='grc' dir='ltr'><strong><em>ο</em></strong></span> <span class='ocrx_word' id='word_1_47' title='bbox 139 802 169 863; x_wconf 82' lang='grc' dir='ltr'><strong><em>δὲ</em></strong></span> <span class='ocrx_word' id='word_1_48' title='bbox 190 805 333 882; x_wconf 84' lang='grc' dir='ltr'><strong><em>σώματος,</em></strong></span> <span class='ocrx_word' id='word_1_49' title='bbox 353 801 393 876; x_wconf 82' lang='grc' dir='ltr'><strong><em>ὡς</em></strong></span> <span class='ocrx_word' id='word_1_50' title='bbox 411 802 461 864; x_wconf 77' lang='grc' dir='ltr'><strong><em>ἐπὶ</em></strong></span> <span class='ocrx_word' id='word_1_51' title='bbox 479 813 532 864; x_wconf 83' lang='grc' dir='ltr'><strong><em>τοῦ</em></strong></span> <span class='ocrx_word' id='word_1_52' title='bbox 551 802 695 884; x_wconf 76' lang='grc' dir='ltr'><strong><em>ἀγκῶνος,</em></strong></span> <span class='ocrx_word' id='word_1_53' title='bbox 718 798 830 866; x_wconf 80' lang='grc' dir='ltr'><strong><em>οἷόντε</em></strong></span> <span class='ocrx_word' id='word_1_54' title='bbox 849 803 1046 884; x_wconf 83' lang='grc' dir='ltr'><strong><em>παράγεσθαι.</em></strong></span> <span class='ocrx_word' id='word_1_55' title='bbox 1081 803 1156 863; x_wconf 76' lang='grc' dir='ltr'><strong><em>οὕτω</em></strong></span> 
     </span>
     <span class='ocr_line' id='line_1_8' title="bbox 140 889 846 978; baseline 0.001 -26"><span class='ocrx_word' id='word_1_56' title='bbox 140 893 298 966; x_wconf 82' lang='grc' dir='ltr'><strong><em>Φιλόξενος</em></strong></span> <span class='ocrx_word' id='word_1_57' title='bbox 321 892 354 954; x_wconf 82' lang='grc' dir='ltr'><strong><em>ἐν</em></strong></span> <span class='ocrx_word' id='word_1_58' title='bbox 377 898 417 975; x_wconf 83' lang='grc' dir='ltr'><strong><em>τῷ</em></strong></span> <span class='ocrx_word' id='word_1_59' title='bbox 440 891 507 972; x_wconf 82' lang='grc' dir='ltr'><strong><em>περὶ</em></strong></span> <span class='ocrx_word' id='word_1_60' title='bbox 526 889 676 972; x_wconf 84' lang='grc' dir='ltr'><strong><em>Ῥωμαίων</em></strong></span> <span class='ocrx_word' id='word_1_61' title='bbox 700 891 846 978; x_wconf 77' lang='grc' dir='ltr'><strong><em>διαλέκτῳ</em></strong></span> 
     </span>
    </p>
   </div>
   <div class='ocr_carea' id='block_1_4' title="bbox 136 983 1153 1196">
    <p class='ocr_par' dir='ltr' id='par_1_4' title="bbox 136 983 1153 1196">
     <span class='ocr_line' id='line_1_9' title="bbox 208 983 1153 1055; baseline -0.001 -16"><span class='ocrx_word' id='word_1_62' title='bbox 208 985 302 1055; x_wconf 76' lang='grc' dir='ltr'><strong><em>Ελχνα.</em></strong></span> <span class='ocrx_word' id='word_1_63' title='bbox 322 1002 412 1055; x_wconf 78' lang='grc' dir='ltr'><strong><em>ωορκ.</em></strong></span> <span class='ocrx_word' id='word_1_64' title='bbox 429 988 491 1051; x_wconf 91' lang='grc'><strong><em>530,</em></strong></span> <span class='ocrx_word' id='word_1_65' title='bbox 506 987 592 1039; x_wconf 84' lang='grc' dir='ltr'><strong><em>54κο</em></strong></span> <span class='ocrx_word' id='word_1_66' title='bbox 564 994 626 1053; x_wconf 80' lang='grc' dir='ltr'><strong><em>κοώρ</em></strong></span> <span class='ocrx_word' id='word_1_67' title='bbox 628 1007 694 1049; x_wconf 75' lang='grc' dir='ltr'><strong><em>νη-</em></strong></span> <span class='ocrx_word' id='word_1_68' title='bbox 668 991 731 1035; x_wconf 82' lang='grc' dir='ltr'><strong><em>-ο</em></strong></span> <span class='ocrx_word' id='word_1_69' title='bbox 733 988 826 1052; x_wconf 57' lang='lat' dir='ltr'><em>moen.</em></span> <span class='ocrx_word' id='word_1_70' title='bbox 855 985 888 1050; x_wconf 80' lang='lat' dir='ltr'><strong><em>cf.</em></strong></span> <span class='ocrx_word' id='word_1_71' title='bbox 908 983 976 1038; x_wconf 69' lang='lat' dir='ltr'><strong><em>ibid.</em></strong></span> <span class='ocrx_word' id='word_1_72' title='bbox 993 987 1153 1051; x_wconf 72' lang='grc' dir='ltr'><strong><em>53ο,16εο</em></strong></span> 
     </span>
     <span class='ocr_line' id='line_1_10' title="bbox 136 1054 1153 1126; baseline -0.001 -17"><span class='ocrx_word' id='word_1_73' title='bbox 136 1057 234 1109; x_wconf 44' lang='lat' dir='ltr'><strong><em>Atheon</em></strong></span> <span class='ocrx_word' id='word_1_74' title='bbox 250 1059 293 1122; x_wconf 84' lang='lat'><strong><em>15,</em></strong></span> <span class='ocrx_word' id='word_1_75' title='bbox 309 1059 391 1109; x_wconf 68' lang='lat'><strong><em>6804.</em></strong></span> <span class='ocrx_word' id='word_1_76' title='bbox 420 1056 536 1126; x_wconf 80' lang='grc' dir='ltr'><strong><em>Ηωηολ.</em></strong></span> <span class='ocrx_word' id='word_1_77' title='bbox 553 1073 583 1125; x_wconf 79' lang='lat' dir='ltr'><em>p</em></span> <span class='ocrx_word' id='word_1_78' title='bbox 599 1060 663 1122; x_wconf 95' lang='grc'><strong><em>909,</em></strong></span> <span class='ocrx_word' id='word_1_79' title='bbox 677 1056 731 1111; x_wconf 74' lang='grc'><strong><em>38.</em></strong></span> <span class='ocrx_word' id='word_1_80' title='bbox 761 1060 838 1126; x_wconf 65' lang='lat' dir='ltr'><em>etym.</em></span> <span class='ocrx_word' id='word_1_81' title='bbox 860 1054 974 1123; x_wconf 77' lang='lat' dir='ltr'><em>Gud.p</em></span> <span class='ocrx_word' id='word_1_82' title='bbox 990 1058 1056 1120; x_wconf 86' lang='lat'><strong><em>339,</em></strong></span> <span class='ocrx_word' id='word_1_83' title='bbox 1071 1054 1153 1109; x_wconf 73' lang='grc'><strong><em>2385.</em></strong></span> 
     </span>
     <span class='ocr_line' id='line_1_11' title="bbox 136 1126 724 1196; baseline 0.002 -16"><span class='ocrx_word' id='word_1_84' title='bbox 136 1128 218 1181; x_wconf 74' lang='lat' dir='ltr'><strong><em>Paul.</em></strong></span> <span class='ocrx_word' id='word_1_85' title='bbox 239 1128 311 1181; x_wconf 71' lang='lat' dir='ltr'><strong><em>Fest</em></strong></span> <span class='ocrx_word' id='word_1_86' title='bbox 327 1143 357 1195; x_wconf 81' lang='lat' dir='ltr'><strong><em>p.</em></strong></span> <span class='ocrx_word' id='word_1_87' title='bbox 373 1131 417 1192; x_wconf 88' lang='lat'><strong><em>37,</em></strong></span> <span class='ocrx_word' id='word_1_88' title='bbox 431 1130 457 1180; x_wconf 90' lang='grc'><strong><em>2.</em></strong></span> <span class='ocrx_word' id='word_1_89' title='bbox 489 1126 582 1196; x_wconf 73' lang='lat' dir='ltr'><strong><em>Quint.</em></strong></span> <span class='ocrx_word' id='word_1_90' title='bbox 598 1133 623 1194; x_wconf 88' lang='lat'><strong><em>1,</em></strong></span> <span class='ocrx_word' id='word_1_91' title='bbox 638 1131 665 1194; x_wconf 87' lang='grc'><strong><em>5,</em></strong></span> <span class='ocrx_word' id='word_1_92' title='bbox 678 1131 724 1181; x_wconf 88' lang='grc'><strong><em>20.</em></strong></span> 
     </span>
    </p>
   </div>
   <div class='ocr_carea' id='block_1_5' title="bbox 635 1243 653 1300">
    <p class='ocr_par' dir='ltr' id='par_1_5' title="bbox 635 1243 653 1300">
     <span class='ocr_line' id='line_1_12' title="bbox 635 1243 653 1300; baseline 0 0"><span class='ocrx_word' id='word_1_93' title='bbox 635 1243 653 1300; x_wconf 91' lang='grc'><strong><em>5</em></strong></span> 
     </span>
    </p>
   </div>
   <div class='ocr_carea' id='block_1_6' title="bbox 133 1334 1155 1598">
    <p class='ocr_par' dir='ltr' id='par_1_6' title="bbox 137 1334 1155 1596">
     <span class='ocr_line' id='line_1_13' title="bbox 196 1334 1154 1450; baseline 0.001 -53.007"><span class='ocrx_word' id='word_1_94' title='bbox 196 1337 321 1450; x_wconf 86' lang='grc' dir='ltr'><strong><em>μοχλός·</em></strong></span> <span class='ocrx_word' id='word_1_95' title='bbox 351 1336 431 1418; x_wconf 81' lang='grc' dir='ltr'><strong><em>παρὰ</em></strong></span> <span class='ocrx_word' id='word_1_96' title='bbox 454 1337 485 1398; x_wconf 89' lang='grc' dir='ltr'><strong><em>τὸ</em></strong></span> <span class='ocrx_word' id='word_1_97' title='bbox 510 1335 584 1417; x_wconf 83' lang='grc' dir='ltr'><strong><em>ὁμοῦ</em></strong></span> <span class='ocrx_word' id='word_1_98' title='bbox 608 1361 658 1398; x_wconf 92' lang='grc' dir='ltr'><strong><em>και</em></strong></span> <span class='ocrx_word' id='word_1_99' title='bbox 686 1361 740 1414; x_wconf 88' lang='grc' dir='ltr'><strong><em>την</em></strong></span> <span class='ocrx_word' id='word_1_100' title='bbox 733 1343 843 1398; x_wconf 85' lang='grc' dir='ltr'><strong><em>κλεῖν</em></strong></span> <span class='ocrx_word' id='word_1_101' title='bbox 871 1334 991 1418; x_wconf 70' lang='grc' dir='ltr'><strong><em>ἔχειν’</em></strong></span> <span class='ocrx_word' id='word_1_102' title='bbox 974 1337 1154 1416; x_wconf 82' lang='grc' dir='ltr'><strong><em>ωνόμασται,</em></strong></span> 
     </span>
     <span class='ocr_line' id='line_1_14' title="bbox 137 1422 1154 1511; baseline 0.003 -27"><span class='ocrx_word' id='word_1_103' title='bbox 137 1422 170 1499; x_wconf 88' lang='grc' dir='ltr'><strong><em>ός</em></strong></span> <span class='ocrx_word' id='word_1_104' title='bbox 192 1426 253 1504; x_wconf 91' lang='grc' dir='ltr'><strong><em>άμα</em></strong></span> <span class='ocrx_word' id='word_1_105' title='bbox 281 1425 360 1510; x_wconf 77' lang='grc' dir='ltr'><strong><em>αὐτῷ</em></strong></span> <span class='ocrx_word' id='word_1_106' title='bbox 388 1425 443 1504; x_wconf 90' lang='grc' dir='ltr'><strong><em>την</em></strong></span> <span class='ocrx_word' id='word_1_107' title='bbox 466 1431 548 1487; x_wconf 86' lang='grc' dir='ltr'><strong><em>κλεῖν</em></strong></span> <span class='ocrx_word' id='word_1_108' title='bbox 571 1426 634 1507; x_wconf 77' lang='grc' dir='ltr'><strong><em>ἕχει</em></strong></span> <span class='ocrx_word' id='word_1_109' title='bbox 681 1427 757 1488; x_wconf 80' lang='grc' dir='ltr'><strong><em>οάτω</em></strong></span> <span class='ocrx_word' id='word_1_110' title='bbox 784 1425 943 1500; x_wconf 83' lang='grc' dir='ltr'><strong><em>Φιλόξενος</em></strong></span> <span class='ocrx_word' id='word_1_111' title='bbox 970 1424 1003 1486; x_wconf 78' lang='grc' dir='ltr'><strong><em>ἐν</em></strong></span> <span class='ocrx_word' id='word_1_112' title='bbox 1029 1438 1067 1511; x_wconf 88' lang='grc' dir='ltr'><strong><em>τη</em></strong></span> <span class='ocrx_word' id='word_1_113' title='bbox 1092 1425 1154 1506; x_wconf 81' lang='grc' dir='ltr'><strong><em>περί</em></strong></span> 
     </span>
     <span class='ocr_line' id='line_1_15' title="bbox 133 1487 1155 1598; baseline 0.003 -25.018"><span class='ocrx_word' id='word_1_114' title='bbox 133 1507 283 1593; x_wconf 87' lang='grc' dir='ltr'><strong><em>Ῥωμαίων</em></strong></span> <span class='ocrx_word' id='word_1_115' title='bbox 302 1487 453 1598; x_wconf 78' lang='grc' dir='ltr'><strong><em>διαλέκτῳ</em></strong></span> <span class='ocrx_word' id='word_1_116' title='bbox 473 1514 599 1595; x_wconf 82' lang='grc' dir='ltr'><strong><em>ἀλλαχοῦ</em></strong></span> <span class='ocrx_word' id='word_1_117' title='bbox 619 1515 651 1576; x_wconf 84' lang='grc' dir='ltr'><strong><em>δέ</em></strong></span> <span class='ocrx_word' id='word_1_118' title='bbox 669 1533 774 1594; x_wconf 82' lang='grc' dir='ltr'><strong><em>φησιν</em></strong></span> <span class='ocrx_word' id='word_1_119' title='bbox 799 1514 879 1596; x_wconf 82' lang='grc' dir='ltr'><strong><em>παρὰ</em></strong></span> <span class='ocrx_word' id='word_1_120' title='bbox 896 1514 928 1576; x_wconf 86' lang='grc' dir='ltr'><strong><em>τὸ</em></strong></span> <span class='ocrx_word' id='word_1_121' title='bbox 948 1519 1029 1593; x_wconf 87' lang='grc' dir='ltr'><strong><em>μολῶ</em></strong></span> <span class='ocrx_word' id='word_1_122' title='bbox 1051 1515 1155 1596; x_wconf 85' lang='grc' dir='ltr'><strong><em>μοχλός</em></strong></span> 
     </span>
    </p>
   </div>
   <div class='ocr_carea' id='block_1_7' title="bbox 135 1608 424 1686">
    <p class='ocr_par' dir='ltr' id='par_1_7' title="bbox 135 1608 424 1686">
     <span class='ocr_line' id='line_1_16' title="bbox 135 1608 424 1686; baseline 0.007 -24"><span class='ocrx_word' id='word_1_123' title='bbox 135 1608 309 1686; x_wconf 84' lang='grc' dir='ltr'><strong><em>πλεονασμῷ</em></strong></span> <span class='ocrx_word' id='word_1_124' title='bbox 324 1614 376 1664; x_wconf 86' lang='grc' dir='ltr'><strong><em>τοῦ</em></strong></span> <span class='ocrx_word' id='word_1_125' title='bbox 400 1633 424 1684; x_wconf 90' lang='grc' dir='ltr'><strong><em>χ.</em></strong></span> 
     </span>
    </p>
   </div>
   <div class='ocr_carea' id='block_1_8' title="bbox 134 1693 1154 2049">
    <p class='ocr_par' dir='ltr' id='par_1_8' title="bbox 134 1693 1154 2049">
     <span class='ocr_line' id='line_1_17' title="bbox 209 1693 1153 1765; baseline 0.003 -18"><span class='ocrx_word' id='word_1_126' title='bbox 209 1693 274 1748; x_wconf 81' lang='lat' dir='ltr'><strong><em>Orio</em></strong></span> <span class='ocrx_word' id='word_1_127' title='bbox 289 1711 318 1763; x_wconf 76' lang='grc' dir='ltr'><strong><em>ρ.</em></strong></span> <span class='ocrx_word' id='word_1_128' title='bbox 342 1699 404 1760; x_wconf 88' lang='grc'><strong><em>103,</em></strong></span> <span class='ocrx_word' id='word_1_129' title='bbox 428 1699 482 1749; x_wconf 89' lang='grc'><strong><em>3</em></strong></span> <span class='ocrx_word' id='word_1_130' title='bbox 467 1717 498 1755; x_wconf 81' lang='grc' dir='ltr'><strong><em>ιο</em></strong></span> <span class='ocrx_word' id='word_1_131' title='bbox 486 1702 621 1759; x_wconf 81' lang='grc' dir='ltr'><strong><em>ο-τχλός</em></strong></span> <span class='ocrx_word' id='word_1_132' title='bbox 623 1707 689 1759; x_wconf 82' lang='grc' dir='ltr'><strong><em>οῦχ</em></strong></span> <span class='ocrx_word' id='word_1_133' title='bbox 730 1695 745 1750; x_wconf 88' lang='grc' dir='ltr'>ὁ</span> <span class='ocrx_word' id='word_1_134' title='bbox 770 1695 801 1752; x_wconf 76' lang='grc' dir='ltr'><strong><em>δὲ</em></strong></span> <span class='ocrx_word' id='word_1_135' title='bbox 821 1693 997 1764; x_wconf 84' lang='grc' dir='ltr'><strong><em>Ηρωδιανδς</em></strong></span> <span class='ocrx_word' id='word_1_136' title='bbox 1024 1717 1067 1750; x_wconf 88' lang='grc' dir='ltr'><strong><em>πα</em></strong></span> <span class='ocrx_word' id='word_1_137' title='bbox 1069 1696 1108 1765; x_wconf 81' lang='grc' dir='ltr'><strong><em>ρὰ</em></strong></span> <span class='ocrx_word' id='word_1_138' title='bbox 1125 1695 1153 1750; x_wconf 81' lang='grc' dir='ltr'><strong><em>τὸ</em></strong></span> 
     </span>
     <span class='ocr_line' id='line_1_18' title="bbox 136 1760 1154 1892; baseline 0.006 -76"><span class='ocrx_word' id='word_1_139' title='bbox 136 1763 191 1833; x_wconf 85' lang='grc' dir='ltr'><strong><em>όχω</em></strong></span> <span class='ocrx_word' id='word_1_140' title='bbox 214 1764 246 1818; x_wconf 88' lang='grc' dir='ltr'><strong><em>τὸ</em></strong></span> <span class='ocrx_word' id='word_1_141' title='bbox 270 1764 387 1837; x_wconf 78' lang='grc' dir='ltr'><strong><em>σννέχω·</em></strong></span> <span class='ocrx_word' id='word_1_142' title='bbox 418 1764 477 1820; x_wconf 74' lang='grc' dir='ltr'><strong><em>ἐπεὶ</em></strong></span> <span class='ocrx_word' id='word_1_143' title='bbox 496 1765 545 1819; x_wconf 89' lang='grc' dir='ltr'><strong><em>καλ</em></strong></span> <span class='ocrx_word' id='word_1_144' title='bbox 562 1760 682 1835; x_wconf 83' lang='grc' dir='ltr'><strong><em>Ὅμηρος</em></strong></span> <span class='ocrx_word' id='word_1_145' title='bbox 697 1766 756 1892; x_wconf 63' lang='grc' dir='ltr'><strong><em>χΙΙ.</em></strong></span> <span class='ocrx_word' id='word_1_146' title='bbox 773 1772 818 1834; x_wconf 88' lang='grc'><strong><em>12,</em></strong></span> <span class='ocrx_word' id='word_1_147' title='bbox 809 1767 898 1892; x_wconf 65' lang='grc' dir='ltr'><strong><em>,121χ</em></strong></span> <span class='ocrx_word' id='word_1_148' title='bbox 922 1766 993 1836; x_wconf 83' lang='grc' dir='ltr'><strong><em>ὀχῆα</em></strong></span> <span class='ocrx_word' id='word_1_149' title='bbox 1013 1766 1154 1838; x_wconf 78' lang='grc' dir='ltr'><strong><em>λέχειτδν</em></strong></span> 
     </span>
     <span class='ocr_line' id='line_1_19' title="bbox 136 1834 1154 1909; baseline 0.003 -20"><span class='ocrx_word' id='word_1_150' title='bbox 136 1834 246 1905; x_wconf 88' lang='grc' dir='ltr'><strong><em>μοχλόν.</em></strong></span> <span class='ocrx_word' id='word_1_151' title='bbox 284 1843 309 1892; x_wconf 79' lang='lat' dir='ltr'><strong><em>et</em></strong></span> <span class='ocrx_word' id='word_1_152' title='bbox 328 1856 361 1889; x_wconf 88' lang='grc' dir='ltr'><strong><em>ιν.</em></strong></span> <span class='ocrx_word' id='word_1_153' title='bbox 380 1853 471 1908; x_wconf 72' lang='grc' dir='ltr'><strong><em>ονομα</em></strong></span> <span class='ocrx_word' id='word_1_154' title='bbox 488 1841 599 1903; x_wconf 89' lang='grc'><strong><em>592,11</em></strong></span> <span class='ocrx_word' id='word_1_155' title='bbox 627 1841 739 1909; x_wconf 88' lang='grc' dir='ltr'><strong><em>μοχλς</em></strong></span> <span class='ocrx_word' id='word_1_156' title='bbox 767 1837 882 1906; x_wconf 81' lang='grc' dir='ltr'><strong><em>παράτ</em></strong></span> <span class='ocrx_word' id='word_1_157' title='bbox 918 1837 989 1906; x_wconf 81' lang='grc' dir='ltr'><strong><em>ὁμοῦ</em></strong></span> <span class='ocrx_word' id='word_1_158' title='bbox 1010 1838 1087 1908; x_wconf 83' lang='grc' dir='ltr'><strong><em>ἔχειν</em></strong></span> <span class='ocrx_word' id='word_1_159' title='bbox 1106 1839 1154 1908; x_wconf 77' lang='grc' dir='ltr'><strong><em>τὴν</em></strong></span> 
     </span>
     <span class='ocr_line' id='line_1_20' title="bbox 134 1905 1154 1979; baseline 0.005 -20"><span class='ocrx_word' id='word_1_160' title='bbox 134 1910 223 1975; x_wconf 81' lang='grc' dir='ltr'><strong><em>κλεῖν,</em></strong></span> <span class='ocrx_word' id='word_1_161' title='bbox 246 1905 278 1969; x_wconf 66' lang='lat' dir='ltr'><strong><em>ae</em></strong></span> <span class='ocrx_word' id='word_1_162' title='bbox 320 1928 358 1977; x_wconf 89' lang='grc' dir='ltr'><strong><em>μα</em></strong></span> <span class='ocrx_word' id='word_1_163' title='bbox 381 1908 456 1979; x_wconf 75' lang='grc' dir='ltr'><strong><em>αὐτῷ</em></strong></span> <span class='ocrx_word' id='word_1_164' title='bbox 478 1907 529 1976; x_wconf 81' lang='grc' dir='ltr'><strong><em>τὴν</em></strong></span> <span class='ocrx_word' id='word_1_165' title='bbox 551 1910 627 1962; x_wconf 85' lang='grc' dir='ltr'><strong><em>κλεῖν</em></strong></span> <span class='ocrx_word' id='word_1_166' title='bbox 647 1908 713 1979; x_wconf 79' lang='grc' dir='ltr'><strong><em>ἔχει·</em></strong></span> <span class='ocrx_word' id='word_1_167' title='bbox 733 1907 848 1978; x_wconf 86' lang='grc' dir='ltr'><strong><em>ηπαρδι</em></strong></span> <span class='ocrx_word' id='word_1_168' title='bbox 864 1909 896 1964; x_wconf 85' lang='grc' dir='ltr'><strong><em>τό</em></strong></span> <span class='ocrx_word' id='word_1_169' title='bbox 919 1911 993 1977; x_wconf 80' lang='grc' dir='ltr'><strong><em>μολῶ</em></strong></span> <span class='ocrx_word' id='word_1_170' title='bbox 1017 1913 1154 1966; x_wconf 85' lang='grc' dir='ltr'><strong><em>πλεονασ·</em></strong></span> 
     </span>
     <span class='ocr_line' id='line_1_21' title="bbox 134 1982 287 2049; baseline 0.014 -19"><span class='ocrx_word' id='word_1_171' title='bbox 134 1982 175 2049; x_wconf 80' lang='grc' dir='ltr'><strong><em>μῷ</em></strong></span> <span class='ocrx_word' id='word_1_172' title='bbox 193 1984 287 2049; x_wconf 84' lang='grc' dir='ltr'><strong><em>τοῦχ.</em></strong></span> 
     </span>
    </p>
   </div>
   <div class='ocr_carea' id='block_1_9' title="bbox 133 2067 1154 2650">
    <p class='ocr_par' dir='ltr' id='par_1_9' title="bbox 133 2067 1154 2650">
     <span class='ocr_line' id='line_1_22' title="bbox 206 2067 799 2137; baseline 0.005 -17"><span class='ocrx_word' id='word_1_173' title='bbox 206 2074 220 2120; x_wconf 97' lang='grc'><strong><em>1</em></strong></span> <span class='ocrx_word' id='word_1_174' title='bbox 241 2068 289 2121; x_wconf 85' lang='grc' dir='ltr'><strong><em>καὶ</em></strong></span> <span class='ocrx_word' id='word_1_175' title='bbox 307 2067 339 2121; x_wconf 84' lang='grc' dir='ltr'><strong><em>τὸ</em></strong></span> <span class='ocrx_word' id='word_1_176' title='bbox 353 2074 418 2137; x_wconf 75' lang='lat' dir='ltr'><em>poet</em></span> <span class='ocrx_word' id='word_1_177' title='bbox 435 2071 511 2123; x_wconf 82' lang='grc' dir='ltr'><strong><em>κλεῖν</em></strong></span> <span class='ocrx_word' id='word_1_178' title='bbox 530 2069 594 2123; x_wconf 78' lang='grc' dir='ltr'><strong><em>αδδ.</em></strong></span> <span class='ocrx_word' id='word_1_179' title='bbox 615 2069 799 2126; x_wconf 72' lang='lat' dir='ltr'><strong><em>Reitzenstein</em></strong></span> 
     </span>
     <span class='ocr_line' id='line_1_23' title="bbox 636 2186 718 2242; baseline 0 -51"><span class='ocrx_word' id='word_1_180' title='bbox 636 2186 655 2242; x_wconf 73' lang='grc'><strong><em>6</em></strong></span> <span class='ocrx_word' id='word_1_181' title='bbox 717 2188 718 2191; x_wconf 74' lang='grc'><strong><em>,</em></strong></span> 
     </span>
     <span class='ocr_line' id='line_1_24' title="bbox 202 2275 1152 2363; baseline 0.006 -25"><span class='ocrx_word' id='word_1_182' title='bbox 202 2277 303 2358; x_wconf 80' lang='grc' dir='ltr'><strong><em>ξέστης</em></strong></span> <span class='ocrx_word' id='word_1_183' title='bbox 322 2275 484 2358; x_wconf 86' lang='grc' dir='ltr'><strong><em>Ῥωμαϊκόν</em></strong></span> <span class='ocrx_word' id='word_1_184' title='bbox 507 2280 567 2342; x_wconf 82' lang='grc' dir='ltr'><strong><em>ε’στι</em></strong></span> <span class='ocrx_word' id='word_1_185' title='bbox 589 2279 621 2341; x_wconf 89' lang='grc' dir='ltr'><strong><em>τὸ</em></strong></span> <span class='ocrx_word' id='word_1_186' title='bbox 646 2279 750 2360; x_wconf 80' lang='grc' dir='ltr'><strong><em>ὄνομα</em></strong></span> <span class='ocrx_word' id='word_1_187' title='bbox 775 2281 827 2342; x_wconf 87' lang='grc' dir='ltr'><strong><em>τὸν</em></strong></span> <span class='ocrx_word' id='word_1_188' title='bbox 847 2280 902 2363; x_wconf 78' lang='grc' dir='ltr'><strong><em>γὰρ</em></strong></span> <span class='ocrx_word' id='word_1_189' title='bbox 926 2275 996 2362; x_wconf 91' lang='grc' dir='ltr'><strong><em>παρ’</em></strong></span> <span class='ocrx_word' id='word_1_190' title='bbox 1023 2278 1103 2360; x_wconf 82' lang='grc' dir='ltr'><strong><em>ἡμῖν</em></strong></span> <span class='ocrx_word' id='word_1_191' title='bbox 1121 2283 1152 2356; x_wconf 73' lang='grc' dir='ltr'><strong><em>ἳξ</em></strong></span> 
     </span>
     <span class='ocr_line' id='line_1_25' title="bbox 134 2365 1154 2453; baseline 0.006 -27"><span class='ocrx_word' id='word_1_192' title='bbox 134 2366 266 2447; x_wconf 82' lang='grc' dir='ltr'><strong><em>ἀριθμὸν</em></strong></span> <span class='ocrx_word' id='word_1_193' title='bbox 294 2367 378 2428; x_wconf 83' lang='grc' dir='ltr'><strong><em>αὐτοὶ</em></strong></span> <span class='ocrx_word' id='word_1_194' title='bbox 406 2366 523 2449; x_wconf 80' lang='grc' dir='ltr'><strong><em>λέγουσι</em></strong></span> <span class='ocrx_word' id='word_1_195' title='bbox 551 2367 609 2446; x_wconf 89' lang='grc' dir='ltr'><strong><em>σέξ,</em></strong></span> <span class='ocrx_word' id='word_1_196' title='bbox 635 2368 686 2431; x_wconf 85' lang='grc' dir='ltr'><strong><em>καλ</em></strong></span> <span class='ocrx_word' id='word_1_197' title='bbox 709 2369 816 2453; x_wconf 82' lang='grc' dir='ltr'><strong><em>μέτρου</em></strong></span> <span class='ocrx_word' id='word_1_198' title='bbox 843 2369 924 2442; x_wconf 87' lang='grc' dir='ltr'><strong><em>τινὸς</em></strong></span> <span class='ocrx_word' id='word_1_199' title='bbox 951 2365 1023 2452; x_wconf 84' lang='grc' dir='ltr'><strong><em>παρ’</em></strong></span> <span class='ocrx_word' id='word_1_200' title='bbox 1051 2371 1154 2444; x_wconf 81' lang='grc' dir='ltr'><strong><em>αὐτοῖς</em></strong></span> 
     </span>
     <span class='ocr_line' id='line_1_26' title="bbox 133 2453 1154 2541; baseline 0.005 -26"><span class='ocrx_word' id='word_1_201' title='bbox 133 2456 166 2517; x_wconf 88' lang='grc' dir='ltr'><strong><em>τὸ</em></strong></span> <span class='ocrx_word' id='word_1_202' title='bbox 185 2453 270 2519; x_wconf 71' lang='grc' dir='ltr'><strong><em>ἕκτον</em></strong></span> <span class='ocrx_word' id='word_1_203' title='bbox 293 2455 404 2538; x_wconf 72' lang='grc' dir='ltr'><strong><em>λέγεται</em></strong></span> <span class='ocrx_word' id='word_1_204' title='bbox 427 2456 539 2531; x_wconf 80' lang='grc' dir='ltr'><strong><em>σέξτον·</em></strong></span> <span class='ocrx_word' id='word_1_205' title='bbox 564 2457 613 2518; x_wconf 80' lang='grc' dir='ltr'><strong><em>διὰ</em></strong></span> <span class='ocrx_word' id='word_1_206' title='bbox 632 2456 664 2519; x_wconf 77' lang='grc' dir='ltr'><strong><em>δέ</em></strong></span> <span class='ocrx_word' id='word_1_207' title='bbox 687 2459 840 2536; x_wconf 81' lang='grc' dir='ltr'><strong><em>εὐφωνίαν</em></strong></span> <span class='ocrx_word' id='word_1_208' title='bbox 863 2457 895 2520; x_wconf 87' lang='grc' dir='ltr'><strong><em>τδ</em></strong></span> <span class='ocrx_word' id='word_1_209' title='bbox 915 2456 1017 2538; x_wconf 82' lang='grc' dir='ltr'><strong><em>σέξτης</em></strong></span> <span class='ocrx_word' id='word_1_210' title='bbox 1042 2459 1154 2541; x_wconf 77' lang='grc' dir='ltr'><strong><em>λέγεται</em></strong></span> 
     </span>
     <span class='ocr_line' id='line_1_27' title="bbox 134 2545 1153 2650; baseline 0.005 -27"><span class='ocrx_word' id='word_1_211' title='bbox 134 2561 234 2642; x_wconf 81' lang='grc' dir='ltr'><strong><em>ξέστης</em></strong></span> <span class='ocrx_word' id='word_1_212' title='bbox 279 2561 431 2642; x_wconf 78' lang='grc' dir='ltr'><strong><em>μεταθέσει</em></strong></span> <span class='ocrx_word' id='word_1_213' title='bbox 472 2573 525 2624; x_wconf 85' lang='grc' dir='ltr'><strong><em>τοῦ</em></strong></span> <span class='ocrx_word' id='word_1_214' title='bbox 562 2545 586 2638; x_wconf 79' lang='grc' dir='ltr'><strong><em>ξ</em></strong></span> <span class='ocrx_word' id='word_1_215' title='bbox 633 2566 710 2626; x_wconf 82' lang='grc' dir='ltr'><strong><em>οδτω</em></strong></span> <span class='ocrx_word' id='word_1_216' title='bbox 745 2565 904 2639; x_wconf 84' lang='grc' dir='ltr'><strong><em>Φιλόξενος</em></strong></span> <span class='ocrx_word' id='word_1_217' title='bbox 937 2563 969 2626; x_wconf 82' lang='grc' dir='ltr'><strong><em>έν</em></strong></span> <span class='ocrx_word' id='word_1_218' title='bbox 1005 2572 1049 2650; x_wconf 81' lang='grc' dir='ltr'><strong><em>τῷ</em></strong></span> <span class='ocrx_word' id='word_1_219' title='bbox 1086 2565 1153 2648; x_wconf 79' lang='grc' dir='ltr'><strong><em>περί</em></strong></span> 
     </span>
    </p>
   </div>
   <div class='ocr_carea' id='block_1_10' title="bbox 107 2647 461 2730">
    <p class='ocr_par' dir='ltr' id='par_1_10' title="bbox 107 2647 461 2730">
     <span class='ocr_line' id='line_1_28' title="bbox 107 2647 461 2730; baseline 0.006 -20"><span class='ocrx_word' id='word_1_220' title='bbox 107 2647 279 2730; x_wconf 82' lang='grc' dir='ltr'><strong><em>οῬωμαίων</em></strong></span> <span class='ocrx_word' id='word_1_221' title='bbox 303 2652 461 2713; x_wconf 80' lang='grc' dir='ltr'><strong><em>διαλέκτου.</em></strong></span> 
     </span>
    </p>
   </div>
   <div class='ocr_carea' id='block_1_11' title="bbox 127 2744 1154 2957">
    <p class='ocr_par' dir='ltr' id='par_1_11' title="bbox 127 2744 1154 2957">
     <span class='ocr_line' id='line_1_29' title="bbox 206 2744 1154 2885; baseline 0.005 -87"><span class='ocrx_word' id='word_1_222' title='bbox 206 2744 271 2798; x_wconf 81' lang='lat' dir='ltr'><em>Orio</em></span> <span class='ocrx_word' id='word_1_223' title='bbox 284 2761 362 2885; x_wconf 72' lang='grc' dir='ltr'><strong><em>χ</em></strong></span> <span class='ocrx_word' id='word_1_224' title='bbox 331 2746 967 2816; x_wconf 62' lang='lat' dir='ltr'><strong><em>112,11540m1;——eau‚20v1v.pmteriisdem</em></strong></span> <span class='ocrx_word' id='word_1_225' title='bbox 989 2748 1047 2813; x_wconf 73' lang='lat' dir='ltr'><em>fere</em></span> <span class='ocrx_word' id='word_1_226' title='bbox 1065 2749 1154 2802; x_wconf 78' lang='grc' dir='ltr'><strong><em>οενοίε</em></strong></span> 
     </span>
     <span class='ocr_line' id='line_1_30' title="bbox 132 2816 1152 2888; baseline 0.006 -21"><span class='ocrx_word' id='word_1_227' title='bbox 132 2821 208 2886; x_wconf 69' lang='grc' dir='ltr'><strong><em>νόμον.</em></strong></span> <span class='ocrx_word' id='word_1_228' title='bbox 238 2816 284 2870; x_wconf 69' lang='lat' dir='ltr'><strong><em>Ge</em></strong></span> <span class='ocrx_word' id='word_1_229' title='bbox 387 2820 448 2882; x_wconf 84' lang='lat'><strong><em>414,</em></strong></span> <span class='ocrx_word' id='word_1_230' title='bbox 463 2816 548 2872; x_wconf 74' lang='grc'><strong><em>4085.</em></strong></span> <span class='ocrx_word' id='word_1_231' title='bbox 575 2825 654 2888; x_wconf 74' lang='grc' dir='ltr'><strong><em>τίμια.</em></strong></span> <span class='ocrx_word' id='word_1_232' title='bbox 679 2835 770 2888; x_wconf 80' lang='grc' dir='ltr'><strong><em>ωορκ.</em></strong></span> <span class='ocrx_word' id='word_1_233' title='bbox 796 2822 859 2885; x_wconf 84' lang='grc'><strong><em>610,</em></strong></span> <span class='ocrx_word' id='word_1_234' title='bbox 878 2822 920 2872; x_wconf 91' lang='grc'><strong><em>54.</em></strong></span> <span class='ocrx_word' id='word_1_235' title='bbox 974 2834 1031 2872; x_wconf 84' lang='grc' dir='ltr'><strong><em>ιντο.</em></strong></span> <span class='ocrx_word' id='word_1_236' title='bbox 1057 2819 1152 2873; x_wconf 73' lang='lat' dir='ltr'><strong><em>Paris.</em></strong></span> 
     </span>
     <span class='ocr_line' id='line_1_31' title="bbox 127 2833 701 2957; baseline 0.012 -20"><span class='ocrx_word' id='word_1_237' title='bbox 127 2904 156 2954; x_wconf 74' lang='lat' dir='ltr'><strong><em>p.</em></strong></span> <span class='ocrx_word' id='word_1_238' title='bbox 178 2890 242 2952; x_wconf 84' lang='grc'><strong><em>187,</em></strong></span> <span class='ocrx_word' id='word_1_239' title='bbox 256 2885 340 2941; x_wconf 71' lang='grc'><strong><em>3751.</em></strong></span> <span class='ocrx_word' id='word_1_240' title='bbox 322 2833 524 2955; x_wconf 62' lang='lat' dir='ltr'><em>tp(Pht7‹’›oeeno</em></span> <span class='ocrx_word' id='word_1_241' title='bbox 541 2890 701 2957; x_wconf 71' lang='lat' dir='ltr'><strong><em>nominato).</em></strong></span> 
     </span>
    </p>
   </div>
   <div class='ocr_carea' id='block_1_12' title="bbox 132 2970 1153 3187">
    <p class='ocr_par' dir='ltr' id='par_1_12' title="bbox 132 2970 1153 3187">
     <span class='ocr_line' id='line_1_32' title="bbox 204 2970 1153 3069; baseline 0.006 -43"><span class='ocrx_word' id='word_1_242' title='bbox 204 2979 219 3026; x_wconf 82' lang='lat'><strong>3</strong></span> <span class='ocrx_word' id='word_1_243' title='bbox 242 2973 273 3027; x_wconf 87' lang='grc' dir='ltr'><strong><em>τό</em></strong></span> <span class='ocrx_word' id='word_1_244' title='bbox 298 2973 376 3038; x_wconf 81' lang='grc' dir='ltr'><strong><em>ἑξτδν</em></strong></span> <span class='ocrx_word' id='word_1_245' title='bbox 399 2975 521 3030; x_wconf 78' lang='lat' dir='ltr'><strong><em>Schmidt</em></strong></span> <span class='ocrx_word' id='word_1_246' title='bbox 614 2970 713 3032; x_wconf 80' lang='grc' dir='ltr'><strong><em>σέκτον</em></strong></span> <span class='ocrx_word' id='word_1_247' title='bbox 736 2984 814 3048; x_wconf 76' lang='lat' dir='ltr'><em>etym.</em></span> <span class='ocrx_word' id='word_1_248' title='bbox 843 2979 915 3069; x_wconf 61' lang='grc' dir='ltr'><strong><em>(ἔριά</em></strong></span> <span class='ocrx_word' id='word_1_249' title='bbox 1003 2976 1153 3046; x_wconf 75' lang='grc' dir='ltr'><strong><em>εὐφωνίαν</em></strong></span> 
     </span>
     <span class='ocr_line' id='line_1_33' title="bbox 132 3045 1152 3117; baseline 0.006 -19"><span class='ocrx_word' id='word_1_250' title='bbox 132 3052 209 3116; x_wconf 72' lang='lat' dir='ltr'><em>etym.</em></span> <span class='ocrx_word' id='word_1_251' title='bbox 237 3046 308 3100; x_wconf 75' lang='grc' dir='ltr'><strong><em>θεαί.</em></strong></span> <span class='ocrx_word' id='word_1_252' title='bbox 333 3052 357 3099; x_wconf 81' lang='grc' dir='ltr'><strong><em>εί</em></strong></span> <span class='ocrx_word' id='word_1_253' title='bbox 380 3063 469 3117; x_wconf 74' lang='grc' dir='ltr'><strong><em>ονομα.</em></strong></span> <span class='ocrx_word' id='word_1_254' title='bbox 497 3045 575 3111; x_wconf 86' lang='grc' dir='ltr'><strong><em>-νίας</em></strong></span> <span class='ocrx_word' id='word_1_255' title='bbox 602 3047 667 3103; x_wconf 79' lang='lat' dir='ltr'><strong><em>Orio</em></strong></span> <span class='ocrx_word' id='word_1_256' title='bbox 770 3055 787 3102; x_wconf 80' lang='lat'><strong><em>4</em></strong></span> <span class='ocrx_word' id='word_1_257' title='bbox 815 3049 887 3104; x_wconf 81' lang='grc' dir='ltr'><strong><em>κατὰ</em></strong></span> <span class='ocrx_word' id='word_1_258' title='bbox 914 3047 1071 3117; x_wconf 74' lang='grc' dir='ltr'><strong><em>μετάθεσιν</em></strong></span> <span class='ocrx_word' id='word_1_259' title='bbox 1095 3059 1152 3104; x_wconf 84' lang='grc' dir='ltr'><strong><em>τῶν</em></strong></span> 
     </span>
     <span class='ocr_line' id='line_1_34' title="bbox 132 3112 480 3187; baseline 0.012 -19"><span class='ocrx_word' id='word_1_260' title='bbox 132 3112 274 3186; x_wconf 82' lang='grc' dir='ltr'><strong><em>στοιχείων</em></strong></span> <span class='ocrx_word' id='word_1_261' title='bbox 293 3123 369 3186; x_wconf 69' lang='grc' dir='ltr'><strong><em>νόμον.</em></strong></span> <span class='ocrx_word' id='word_1_262' title='bbox 390 3135 480 3187; x_wconf 78' lang='grc' dir='ltr'><strong><em>ωορκ</em></strong></span> 
     </span>
    </p>
   </div>
   <div class='ocr_carea' id='block_1_13' title="bbox 627 3229 648 3284">
    <p class='ocr_par' dir='ltr' id='par_1_13' title="bbox 627 3229 648 3284">
     <span class='ocr_line' id='line_1_35' title="bbox 627 3229 648 3284; baseline 0 0"><span class='ocrx_word' id='word_1_263' title='bbox 627 3229 648 3284; x_wconf 92' lang='grc'><strong><em>7</em></strong></span> 
     </span>
    </p>
   </div>
   <div class='ocr_carea' id='block_1_14' title="bbox 129 3316 1152 3494">
    <p class='ocr_par' dir='ltr' id='par_1_14' title="bbox 129 3316 1152 3493">
     <span class='ocr_line' id='line_1_36' title="bbox 199 3316 1152 3406; baseline 0.005 -26"><span class='ocrx_word' id='word_1_264' title='bbox 199 3316 357 3397; x_wconf 81' lang='grc' dir='ltr'><strong><em>όπωπη·’</em></strong></span> <span class='ocrx_word' id='word_1_265' title='bbox 348 3317 426 3381; x_wconf 92' lang='grc' dir='ltr'><strong><em>όπτω</em></strong></span> <span class='ocrx_word' id='word_1_266' title='bbox 454 3320 504 3381; x_wconf 89' lang='grc' dir='ltr'><strong><em>και</em></strong></span> <span class='ocrx_word' id='word_1_267' title='bbox 527 3321 557 3396; x_wconf 77' lang='grc' dir='ltr'><strong><em>ἐξ</em></strong></span> <span class='ocrx_word' id='word_1_268' title='bbox 581 3321 673 3384; x_wconf 80' lang='grc' dir='ltr'><strong><em>αὐτοῦ</em></strong></span> <span class='ocrx_word' id='word_1_269' title='bbox 702 3321 796 3403; x_wconf 81' lang='grc' dir='ltr'><strong><em>ὄνομα</em></strong></span> <span class='ocrx_word' id='word_1_270' title='bbox 824 3322 986 3406; x_wconf 80' lang='grc' dir='ltr'><strong><em>ῥηματικὸν</em></strong></span> <span class='ocrx_word' id='word_1_271' title='bbox 1010 3320 1070 3403; x_wconf 80' lang='grc' dir='ltr'><strong><em>ὀπὴ</em></strong></span> <span class='ocrx_word' id='word_1_272' title='bbox 1099 3324 1152 3386; x_wconf 83' lang='grc' dir='ltr'><strong><em>καλ</em></strong></span> 
     </span>
     <span class='ocr_line' id='line_1_37' title="bbox 129 3404 1152 3494; baseline 0.007 -26"><span class='ocrx_word' id='word_1_273' title='bbox 129 3406 345 3490; x_wconf 88' lang='grc' dir='ltr'><strong><em>διπλασιασμὸς</em></strong></span> <span class='ocrx_word' id='word_1_274' title='bbox 369 3404 484 3490; x_wconf 86' lang='grc' dir='ltr'><strong><em>ὀπωπη.</em></strong></span> <span class='ocrx_word' id='word_1_275' title='bbox 531 3411 608 3473; x_wconf 81' lang='grc' dir='ltr'><strong><em>οότω</em></strong></span> <span class='ocrx_word' id='word_1_276' title='bbox 629 3410 788 3486; x_wconf 80' lang='grc' dir='ltr'><strong><em>Φιλόξενος</em></strong></span> <span class='ocrx_word' id='word_1_277' title='bbox 806 3411 838 3474; x_wconf 77' lang='grc' dir='ltr'><strong><em>ἐν</em></strong></span> <span class='ocrx_word' id='word_1_278' title='bbox 856 3418 895 3494; x_wconf 85' lang='grc' dir='ltr'><strong><em>τῷ</em></strong></span> <span class='ocrx_word' id='word_1_279' title='bbox 914 3410 981 3493; x_wconf 77' lang='grc' dir='ltr'><strong><em>περὶ</em></strong></span> <span class='ocrx_word' id='word_1_280' title='bbox 998 3404 1152 3491; x_wconf 78' lang='grc' dir='ltr'><strong><em>Ῥωμαίων</em></strong></span> 
     </span>
    </p>
   </div>
   <div class='ocr_carea' id='block_1_15' title="bbox 75 3498 1181 3664">
    <p class='ocr_par' dir='ltr' id='par_1_15' title="bbox 75 3498 1181 3664">
     <span class='ocr_line' id='line_1_38' title="bbox 75 3498 1181 3664; baseline -0.027 -14"><span class='ocrx_word' id='word_1_281' title='bbox 75 3498 1181 3664; x_wconf 39' lang='grc' dir='ltr'><strong><em>ὕωλέέέότό.120,16δικανική-διαλέκτου.ολοωςωαοοςκωξλοῷόωκδμε.</em></strong></span> 
     </span>
    </p>
   </div>
   <div class='ocr_carea' id='block_1_16' title="bbox 0 0 1204 3824">
    <p class='ocr_par' dir='ltr' id='par_1_16' title="bbox 0 0 1204 3824">
     <span class='ocr_line' id='line_1_39' title="bbox 0 0 1204 3824; baseline 0 1"><span class='ocrx_word' id='word_1_282' title='bbox 0 0 1204 3824; x_wconf 95' lang='lat' dir='ltr'><strong><em> </em></strong></span> 
     </span>
    </p>
   </div>
  </div>
 </body>
</html>
