2400 3824
93 145 160 209 474
259 145 468 198 Grammaticae
487 145 590 198 aetatis
608 144 769 214 Augustam
788 143 951 214 fragmenta

95 305 272 372 Cornificium
292 306 420 377 Laupum
439 305 527 360 Seruii
545 311 681 360 auctorem
700 305 745 372 (fr.
760 308 788 374 4)
811 305 924 360 eundem
946 321 1016 371 esse,
1041 322 1115 373 anem

93 379 177 431 libras
199 377 244 430 Dc
267 379 362 446 ctpmis
384 377 497 432 dearum
518 378 658 445 scripsisse
681 376 833 445 amepimus
858 377 904 445 (fr.
921 380 946 429 1.
962 379 1006 445 2),
1032 393 1114 445 neque

94 450 182 502 alirnn
196 448 274 502 Festi
289 450 321 501 in
334 449 492 503 nominibus
508 449 612 502 diuinis
628 450 747 502 sacrisre
765 454 902 502 auctorem
920 453 974 502 aut
987 448 1113 513 Arnobii,

94 521 144 588 qui
161 520 199 573 ad
217 536 305 574 vacem
325 519 495 575 ‘novensiles'
518 520 695 586 Oaruificinm
713 536 774 573 cnm
792 519 872 574 Aelia
891 525 916 573 et
936 519 1035 574 Oducia
1060 535 1113 573 uon

93 591 174 646 aliter
196 607 230 646 aa
248 591 347 646 Festus
372 592 516 662 caniunpit
540 591 585 660 (cf.
606 591 738 646 Wissana
757 591 821 646 RE
838 593 962 656 4,1630.
996 590 1031 644 de
1050 592 1111 644 Ma-

93 661 161 717 crab.
176 668 282 717 saturn.
296 662 365 728 font.
377 679 407 731 p.
422 663 475 730 43).
503 663 550 716 sed
562 664 589 716 si
601 663 758 731 quaerimus
772 661 839 730 prid
854 661 1003 728 Cornificio
1017 661 1112 731 Lanpa

93 733 1111 873 116612111116111116161111611

93 847 281 944 8111111111),
300 876 412 930 eundem
432 877 484 930 alii
502 846 604 946 (Berplr
622 892 663 945 ap.
681 881 705 941 1,
720 880 780 930 546.
809 875 935 941 Ribbeck,
950 877 1057 946 prolep.
1076 875 1111 929 ad

97 947 175 1018 Verp.
189 965 220 1016 p.
236 950 290 1017 96).
327 954 353 1001 et
379 948 487 1014 quidem
513 954 581 1001 certe
608 948 681 1002 nibil
707 949 773 1001 miri
801 946 981 1014 Cornificium
1004 953 1110 1016 poetam

94 1025 179 1072 artem
197 1021 417 1089 praumaticam,
440 1024 472 1071 ut
496 1019 635 1073 Valerium
654 1018 783 1073 Catonem
804 1018 938 1086 aliasque,
959 1019 1110 1086 professum

92 1106 146 1144 esse
153 1111 164 1156 ;
191 1097 222 1145 at
243 1107 304 1146 anm
326 1091 406 1144 illum
429 1091 616 1160 Hieronymus
642 1090 690 1158 (ad
713 1091 927 1158 1111111976)
953 1089 1109 1162 1713141

92 1168 229 1216 morarum
247 1178 301 1216 esse
319 1161 422 1227 tradat,
440 1163 466 1215 si
483 1163 515 1227 is,
534 1168 567 1215 ut
583 1163 663 1231 nnlpa
680 1167 805 1230 putatur,
824 1178 842 1213 a
864 1160 967 1230 Quinta
988 1160 1110 1215 Caesaris

89 1240 267 1302 propraetore
283 1233 470 1302 Ciceronisque
487 1233 626 1300 familiari
644 1231 767 1287 diuersus
784 1249 841 1287 uan
860 1238 906 1297 est,
925 1239 1049 1302 tempora
1066 1233 1109 1286 air

93 1311 251 1358 ammonent.
284 1321 346 1358 eum
360 1305 476 1358 enimin
490 1305 585 1373 etpmis
604 1304 693 1372 (11.2)
714 1303 850 1358 Ciceronis
868 1304 935 1357 libri
948 1303 995 1357 De
1008 1309 1109 1357 natura

93 1376 204 1429 deorum
231 1393 256 1428 a.
282 1374 381 1446 716114
409 1375 476 1428 editi
502 1382 694 1441 memorentur,
727 1374 859 1442 quamodo
888 1375 1057 1441 Cornificius
1081 1375 1109 1426 iu

93 1446 178 1516 Spria
196 1453 221 1500 et
239 1447 340 1514 Africa
362 1449 439 1500 iutra
457 1463 546 1500 anuos
564 1445 831 1518 709l45-713s41
855 1447 931 1500 bellis
953 1447 1109 1514 implicatus

93 1534 136 1572 eas
153 1519 237 1588 lepere
256 1525 280 1572 et
297 1534 366 1587 opus
384 1518 548 1572 eruditionis
567 1519 680 1586 plenum
698 1518 812 1572 scribere
830 1519 954 1586 patuisse
973 1515 1109 1572 ereditur?

89 1590 258 1659 prudentius
282 1591 369 1660 ipitur
388 1595 497 1656 poetam
521 1606 539 1642 a
561 1589 740 1659 praumatica
764 1590 954 1654 discernemus,
982 1589 1109 1642 etiamsi

38 1657 45 1674 ”
93 1667 237 1729 utrumque
257 1661 419 1715 Macrobius
439 1659 585 1727 Cornificio
608 1662 717 1714 nomine
739 1661 899 1728 simpliciter
922 1660 1019 1726 affert,
1045 1675 1109 1728 quae

93 1734 204 1786 incuria
223 1733 300 1800 apud
314 1732 433 1786 Latinas
446 1734 589 1800 scriptores
604 1733 714 1800 saepius
733 1731 943 1799 deprehenditur
962 1732 1009 1799 (cf.
1023 1733 1109 1800 ipsum

95 1804 219 1857 Macrab.
246 1804 279 1856 de
304 1803 497 1870 Labeanibns).
548 1809 645 1856 cantra
669 1803 782 1873 Verpilii
807 1803 1025 1869 obtrectatorem,
1053 1819 1109 1856 cum

92 1881 215 1944 tempora
241 1892 298 1928 uau
325 1876 429 1929 obstent
460 1874 504 1943 (cf.
521 1874 682 1940 'Weicbert,
710 1880 792 1942 paett.
822 1874 897 1928 Latt.
925 1873 984 1927 rell.
1010 1891 1040 1942 p.
1060 1876 1109 1927 161

94 1946 159 1999 adu.
176 1948 229 2014 11),
247 1962 304 1999 nau
322 1946 409 2000 alium
428 1962 481 1999 esse
496 1951 566 2014 puta
585 1960 618 1998 ac
636 1953 692 1999 τῶν
705 1941 847 2012 praecipato
868 1945 1026 2013 Catullique
1044 1946 1108 1999 ami-

93 2035 167 2080 cum,
193 2034 255 2071 enm
273 2018 435 2086 praesertim
462 2016 577 2071 Ovidius
599 2016 665 2069 ibid.
690 2017 821 2071 Auserem
843 2016 960 2086 Verpr‘lii
982 2017 1108 2071 obtrecta-

93 2094 176 2143 torem
199 2095 335 2155 memoret,
361 2090 410 2156 qui
430 2104 528 2141 rursus
550 2105 568 2141 a
592 2089 704 2141 Domata
727 2089 759 2140 r'u
781 2089 839 2141 uita
859 2087 936 2156 Verp.
961 2089 1004 2155 (p.
1020 2093 1056 2142 66
1065 2087 1108 2155 R.)

93 2175 154 2214 eum
174 2160 320 2226 Cornificio
343 2160 521 2214 consociatur.
554 2175 639 2227 neque
661 2159 692 2212 id
714 2159 884 2223 adversatur,
909 2159 984 2226 quad
1003 2159 1109 2214 Sunius

93 2233 125 2284 in
141 2233 273 2300 pearpicis
296 2235 331 2300 (1,
345 2233 423 2299 210),
450 2247 519 2298 quae
532 2236 598 2298 past
619 2231 761 2284 interitum
781 2230 923 2296 Cornificii
941 2229 1018 2284 edita
1039 2236 1108 2294 sunt,

93 2319 199 2356 uersum
220 2303 312 2369 refert,
338 2319 389 2370 qua
413 2304 437 2355 is
459 2302 576 2367 formam
601 2301 732 2355 ‘lardea’
753 2302 924 2371 abiurparit;
951 2302 1019 2355 baec
1041 2303 1109 2355 euim

93 2376 125 2428 iu
143 2375 273 2428 bucolicis
291 2376 326 2442 (5,
341 2375 387 2442 36)
407 2389 511 2441 quaque
528 2373 676 2427 impertitur.

166 2463 329 2530 Cornificius
344 2463 458 2532 Laupus
467 2468 531 2530 past
545 2461 693 2532 1716111
708 2468 733 2516 11
747 2468 810 2516 aute
823 2461 908 2516 editas
923 2461 1017 2516 Verrii
1030 2463 1110 2516 libras

93 2536 137 2590 De
155 2536 296 2589 uerborum
314 2534 473 2605 sipniflcatu
493 2533 608 2602 sempsit.

464 2835 738 2903 FRAGMENTA

413 3031 461 3084 DE
481 3029 616 3084 ETYMIS
634 3029 790 3084 DEORUM

164 3193 253 3260 aperis
271 3193 474 3261 inscriptionem
489 3209 507 3244 a
523 3192 666 3246 Macrobia
680 3193 815 3245 minutam
829 3191 995 3245 Priscianus
1011 3193 1111 3246 rectius

92 3263 219 3318 tradidit.
256 3280 316 3317 anm
334 3265 365 3317 in
385 3265 476 3331 prima
499 3265 568 3317 libra
591 3279 688 3316 namen
706 3279 721 3316 e
739 3263 830 3316 littera
853 3262 989 3330 iucipiens
1012 3263 1060 3329 (fr.
1076 3265 1111 3332 1),

93 3335 124 3387 in
136 3335 215 3389 tertia
229 3342 320 3388 autem
333 3336 425 3388 littera
438 3337 450 3388 i
464 3335 547 3403 (11.2)
567 3335 725 3403 explicetur,
743 3334 854 3388 dearum
868 3333 1067 3402 appellationes
1080 3333 1112 3386 iu

92 3406 215 3461 ordinem
234 3407 387 3460 litterarum
401 3407 520 3478 dipestas
538 3423 591 3460 esse
609 3407 747 3474 suspicari
764 3407 832 3459 lieet.
864 3405 917 3458 baa
932 3403 1112 3474 dispositione

84 3495 136 3536 nos
159 3496 254 3537 ornnes
276 3481 385 3554 plassas
410 3480 473 3536 deas
496 3479 686 3547 respicientes,
709 3476 792 3528 1111
812 3475 947 3526 111111
970 3475 1113 3538 emito«

73 3557 245 3614 namr'natus
262 3574 326 3615 nan
344 3563 396 3626 est,
415 3554 580 3624 referemus.
617 3547 655 3614 ef.
673 3544 768 3612 Berqls
785 3557 833 3606 ap.
849 3542 952 3602 1411.
