2400 3824
440 202 477 256 Μ.
496 200 643 256 Terentius
661 201 750 255 Varro
1036 199 1101 264 259

86 366 186 431 quarto
214 364 366 433 prudentes
396 362 507 416 differre
536 362 675 416 dixerunt.
712 361 801 415 Varro
829 360 1041 429 disciplinarum
1063 360 1101 415 V:

86 451 148 489 aliud
166 453 200 489 est
217 467 244 475 -
261 450 288 488 fle
308 451 391 489 consul.
429 437 546 504 Auyttst.
566 451 619 516 rep.
643 434 736 488 CGK
762 434 788 486 V
803 437 870 499 517,
891 436 929 487 22
955 435 998 486 est
1017 431 1102 486 etiam

86 507 225 574 quosdam
249 506 404 560 obscuritas
428 506 458 558 in
477 505 617 559 adverbi1s
641 505 762 558 secundo
781 504 865 558 tertio
885 505 985 572 quarto
1004 504 1102 571 quinto

86 581 165 631 sexto
184 580 213 632 et
232 577 385 631 secundum
403 577 519 630 tertium
537 578 668 645 quartum
687 575 817 644 quintum
836 577 957 640 sextum,
982 576 1015 628 ut
1033 576 1103 643 puta

88 649 221 703 ‘secundo
240 647 332 703 faetus
351 650 394 702 est
413 647 521 702 consul’
541 650 571 702 et
591 647 755 701 ‘secundum
774 645 829 699 fuit
844 645 960 700 oonsul'.
981 645 1103 700 secundo

87 723 181 773 autem
205 720 241 773 od
264 720 391 773 ordinem
413 720 549 788 pertinet,
573 718 727 773 secundum
746 718 784 771 ad
801 734 960 783 numerum
984 719 1104 785 utputa

87 809 150 845 cnm
170 791 233 845 dico
254 791 388 846 ‘seeundo
407 791 499 844 factus
518 793 561 844 est
580 789 698 856 consul',
717 789 848 858 pertinet,
867 791 900 842 ut
919 788 986 855 dixi,
1006 789 1042 842 ad
1061 806 1104 842 or·

87 863 195 928 dinem,
219 863 295 930 quod
313 863 403 931 primo
424 862 496 916 alter
513 862 606 916 fectus
626 862 663 915 sit
682 861 770 914 etsie
789 860 861 915 alter
880 861 1013 925 seeund03
1040 877 1104 914 cum

87 938 182 989 autem
206 934 325 987 dicimus
350 934 503 987 secundum
527 931 624 986 consul
647 932 691 986 vel
713 932 828 986 tertium
847 931 892 985 vel
910 934 1042 999 quartum
1060 930 1104 984 vel

87 1006 218 1073 quintum
236 1005 281 1059 vel
300 1007 422 1072 sextum,
442 1005 478 1058 cd
496 1020 643 1057 numerum
661 1004 798 1072 pertinet,
817 1003 891 1070 quod
911 1003 1000 1056 sexies
1019 1002 1105 1056 fuerit

88 1076 192 1130 consul.
229 1076 296 1129 inde
312 1074 420 1130 ·(ticero
448 1077 483 1129 de
511 1076 600 1129 Mario
629 1075 670 1128 sic
698 1075 740 1131 cit
767 1075 809 1145 [in
828 1076 885 1129 Pis.
904 1075 953 1146 20]
984 1075 1105 1127 ‘sextum

87 1148 205 1216 oonsul',
224 1148 255 1201 id
273 1149 317 1202 est
335 1148 385 1215 qui
399 1165 447 1201 sex
461 1146 622 1202 consulatus
636 1147 747 1213 meruit,
766 1147 795 1198 et
811 1146 972 1215 ‘septimum
987 1145 1105 1213 consul’,

87 1220 162 1286 quod
186 1221 230 1272 eet
252 1218 356 1288 septies
381 1218 558 1272 consulatum
580 1218 690 1271 meruit.
732 1217 785 1272 hoo
809 1216 896 1272 Varro
920 1216 1051 1270 distinxit
1075 1217 1105 1270 in

87 1290 167 1344 libris
186 1306 372 1344 numerorum.
409 1291 443 1357 cf.
463 1291 570 1346 Ritsehl
588 1307 630 1358 op.
646 1294 672 1355 3,
686 1293 748 1343 363.

161 1405 175 1451 1
195 1400 224 1452 et
243 1396 320 1450 alind
338 1399 422 1452 Bere.
443 1399 478 1466 (et
491 1396 568 1452 codd.
583 1382 631 1452 A*
647 1397 747 1465 Nonis)
767 1399 796 1449 et
813 1396 913 1464 reliqui
932 1394 1010 1448 aliud
1028 1396 1104 1450 codd.

88 1476 133 1541 ΒΑ
152 1488 244 1541 Nonii
333 1492 348 1538 2
368 1486 443 1554 quod
462 1503 513 1540 orn.
532 1488 644 1541 Noctes
744 1491 759 1537 2
779 1492 804 1539 et
821 1491 836 1538 3
857 1483 950 1554 signif.
970 1486 1045 1538 Non.
1065 1485 1106 1539 bis

89 1564 104 1611 3
126 1560 155 1612 et
173 1560 230 1611 tres
249 1559 323 1612 Noc.
396 1557 534 1626 templum
552 1558 649 1628 Repete
670 1561 743 1611 1646
766 1557 838 1611 Voss.
855 1557 919 1611 Lat.
936 1555 966 1609 F
982 1561 1035 1611 112

560 1727 625 1784 219

155 1852 174 1909 t.
200 1850 291 1910 VIII.
338 1852 481 1926 vesperi
515 1869 584 1908 non
616 1849 756 1923 videre,
793 1868 879 1924 quos
918 1849 1107 1925 appellant

88 1942 265 2000 lusciosos

160 2049 235 2101 Noc.
258 2064 288 2115 p.
308 2051 370 2112 135,
390 2051 408 2100 9
430 2046 558 2112 lusciosi,
584 2045 633 2112 qui
656 2046 693 2098 ad
718 2045 861 2099 lucernam
883 2061 940 2098 non
963 2045 1060 2098 vident
1079 2047 1107 2098 et

90 2120 201 2188 μύωπες
219 2119 355 2172 vocantur
374 2117 520 2188 [vocentur
537 2117 627 2188 codd]
647 2135 663 2169 a
682 2115 803 2171 Graecis.
837 2116 925 2170 Varro
945 2115 1106 2184 discipline·

88 2208 151 2242 rum
168 2189 218 2243 lib.
233 2189 310 2243 VIII:
330 2204 417 2251 vesperi
430 2203 582 2242 -lusciosos
606 2190 641 2254 cf.
662 2189 743 2244 Paul.
765 2188 837 2243 Fest.
853 2207 882 2259 p.
900 2191 962 2253 120,
977 2192 1020 2242 17.
1046 2189 1105 2243 Ael.

89 2263 150 2317 Stil.
170 2264 205 2328 fr.
225 2264 270 2314 24.
299 2262 369 2314 Aur.
392 2259 440 2330 Op.
460 2261 496 2325 fr.
514 2266 555 2314 10.
585 2261 631 2314 Ac
652 2260 725 2314 Pto.
744 2261 779 2326 fr.
795 2264 819 2312 4.
851 2259 918 2314 Gen.
938 2263 1009 2325 4,2,
1029 2265 1070 2313 11.

565 2430 630 2487 220

157 2555 196 2613 M.
220 2553 317 2612 Varro
346 2556 379 2611 in
408 2553 493 2612 libris
526 2553 751 2628 disciplinarum
783 2553 903 2627 scripsit
935 2552 1107 2611 observasse

89 2663 152 2704 sese
171 2645 204 2701 in
222 2662 310 2702 versu
328 2643 509 2716 hexametro,
533 2642 612 2716 quod
631 2642 713 2700 omni
730 2641 818 2700 modo
840 2642 962 2715 quintus
981 2642 1107 2716 semipes

90 2732 214 2792 verbum
243 2731 345 2791 finiret
367 2734 397 2789 et
421 2731 501 2806 quod
527 2733 640 2806 priores
665 2731 795 2805 quinque
823 2729 985 2805 semipedes
1013 2748 1107 2805 aeque

89 2841 231 2898 magnam
269 2823 330 2879 vim
367 2820 511 2878 heberent
546 2822 578 2877 in
616 2818 769 2878 efficiendo
807 2838 894 2878 versu
931 2822 1021 2894 atque
1054 2820 1108 2878 alii

89 2912 270 2987 posteriores
290 2912 411 2985 septem,
429 2910 520 2985 idque
537 2911 636 2984 ipsum
650 2909 766 2967 ratione
780 2908 910 2984 quadem
928 2910 1133 2986 geometricas

90 3001 156 3058 fieri
179 3000 306 3058 disserit

166 3107 234 3161 Geli.
249 3111 296 3172 18,
311 3112 384 3172 15,1
403 3106 434 3159 in
452 3105 545 3175 longis
562 3104 697 3169 versibus,
725 3104 773 3172 qui
792 3104 947 3159 hexametri
965 3108 1109 3170 vocentur,

90 3180 161 3232 item
184 3179 214 3230 in
237 3177 355 3231 senariis
378 3178 636 3231 animadverterunt
663 3175 772 3229 metrici
795 3176 900 3244 primos
920 3177 989 3230 duos
1012 3177 1109 3245 pedes,

90 3251 161 3303 item
180 3250 317 3302 extremos
336 3249 405 3303 duos
424 3248 528 3302 habere
547 3246 672 3316 singulos
690 3264 772 3315 posse
789 3247 914 3318 integras
933 3249 1028 3316 partes
1047 3264 1106 3302 ora·

90 3321 187 3387 tionis,
205 3319 312 3374 medios
331 3319 401 3373 hcut
419 3336 552 3388 umquam
570 3335 660 3387 posse,
680 3319 729 3372 sed
749 3320 875 3372 constare
890 3335 936 3373 eos
951 3334 1063 3386 semper
1075 3336 1113 3370 ex

90 3392 184 3446 verbis
203 3394 253 3445 aut
272 3391 369 3444 divisis
388 3395 438 3446 aut
455 3391 551 3445 mixtis
570 3392 657 3461 etque
680 3389 818 3446 ooninsis.
850 3405 890 3444 m.
905 3390 1000 3443 etiam
1012 3399 1138 3438 samm

87 3477 283 3516 ”hm-mm
302 3463 493 3530 baoefortwe
503 3465 543 3521 ad
552 3465 807 3538 suessoniensem
816 3450 1160 3534 pertinent3ct.‘rttrssa

64 3535 258 3655 etesi.
469 3539 570 3650 a,
924 3530 1040 3655 sese
1055 3516 1188 3651 sss

334 3626 383 3678 '⁴²⁷'
402 3615 430 3666 5·
448 3616 555 3688 50⁸4>
580 3634 775 3689 quamquam
788 3613 891 3672 certes
910 3621 950 3661 re·
961 3615 998 3654 Ὠ

908 3691 969 3755 ss*
