2400 3824
133 161 197 224 268
280 159 484 214 Grammaticae
504 159 605 218 aetatis
624 159 815 213 Varronianae
833 157 995 228 fragmenta

541 329 635 387 *238
658 321 729 406 [42]

195 455 252 494 vox
285 438 342 509 est,
379 439 413 493 ut
445 435 552 493 Stoicis
588 434 715 508 videtur,
752 436 876 510 spiritus
913 434 1014 492 tenuis
1047 433 1147 492 auditu

133 525 290 598 sensibilis,
314 527 460 600 quantum
479 525 595 598 inipso
615 526 667 582 est.
704 523 740 581 fit
762 526 860 581 autem
880 524 929 582 vel
953 523 1041 581 exilis
1061 540 1146 580 auree

81 680 87 705 Ι
132 614 221 689 pulsu
243 614 292 673 vel
315 613 464 672 verberati
487 615 564 670 aeris
587 615 659 671 ictu.
705 614 801 671 omnis
825 631 882 670 vox
906 615 959 670 aut
989 612 1147 670 articulate

133 707 177 762 est
196 706 248 761 aut
267 703 398 762 confusa.
436 701 598 760 articidata
616 703 661 760 est
678 701 836 760 rationalis
859 701 1017 760 hominum
1036 699 1146 776 loquel-

106 793 170 851 slis
189 793 357 868 explanata
396 791 497 850 eadem
520 792 550 849 et
572 789 712 849 litteralis
731 790 779 848 vel
803 791 944 865 scriptilis
969 789 1146 865 appellatur,

133 883 205 956 quia
227 881 337 940 litteris
365 878 564 955 conprehendi
591 882 698 956 potest.
745 879 868 939 confusa
891 880 936 938 est
958 877 1145 937 inrationalis

132 970 179 1028 vel
197 970 381 1045 inscriptilis,
405 968 534 1045 simplici
552 968 633 1028 vocis
653 987 724 1028 sono
744 969 918 1027 animalium
938 968 1054 1042 effecta,
1076 985 1146 1043 quae

133 1058 221 1118 scribi
244 1077 304 1117 non
327 1060 435 1135 potest,
458 1061 493 1115 ut
516 1060 561 1115 est
584 1059 654 1132 equi
676 1057 821 1127 hinnitus,
844 1057 924 1116 tauri
946 1058 1092 1134 mugitus.

203 1157 296 1211 Diom.
307 1174 337 1226 1).
352 1160 416 1222 420,
431 1160 448 1209 9
462 1181 507 1210 vox
522 1174 556 1220 cst
570 1187 603 1195 -
618 1171 722 1220 mugitus.
750 1156 785 1222 ef.
801 1156 884 1226 Ddoy.
899 1155 934 1211 L.
950 1159 976 1222 7,
992 1161 1017 1222 1,
1032 1159 1070 1210 38
1084 1157 1145 1225 (55).

133 1229 194 1282 Sea.
204 1246 231 1281 a.
243 1247 266 1297 q.
276 1231 304 1294 2,
315 1232 340 1294 6,
351 1232 376 1281 3.
391 1231 436 1281 29.
463 1228 531 1282 Geli.
542 1231 568 1293 5,
579 1231 622 1293 15,
632 1233 658 1281 6.
681 1229 759 1282 Laet.
771 1227 804 1281 de
813 1227 880 1296 opis.
891 1227 917 1280 d.
929 1231 1006 1293 15,1.
1032 1228 1146 1297 despuet.

132 1301 165 1354 ce
183 1300 250 1353 555.
270 1303 295 1353 5.
335 1298 565 1366 5151151.
600 1303 626 1365 5,
646 1303 689 1354 17.
722 1299 827 1363 1145,
841 1302 867 1352 s.
900 1302 964 1364 367,
984 1302 1009 1352 5.
1044 1301 1107 1364 455,
1124 1301 1147 1350 5.

133 1375 194 1439 530,
209 1376 234 1424 4.
269 1371 406 1436 171413.
435 1373 479 1436 32,
493 1373 537 1424 21.
567 1374 629 1436 189,
643 1375 668 1425 9.
703 1370 837 1436 1711215,
850 1375 876 1423 4.
908 1373 973 1435 323,
987 1373 1013 1423 5.
1047 1373 1110 1436 381,
1122 1372 1147 1422 2.

133 1442 235 1496 Aaecd.
256 1442 294 1495 H.
309 1460 339 1510 p.
356 1441 490 1495 XXXII.
512 1440 678 1495 CLXXXI.
697 1445 761 1507 219,
776 1446 838 1510 deq.
864 1444 993 1507 220,18.
1023 1440 1092 1494 Isid.
1111 1457 1147 1494 or.

134 1519 158 1579 1,
174 1519 216 1567 15.
244 1513 381 1568 8515115
401 1513 475 1568 0555.
498 1513 586 1567 Germ.
606 1513 687 1567 Aret.
703 1513 774 1568 371³.
803 1513 872 1566 libro
890 1511 970 1566 1115
987 1528 1065 1566 scria.
1086 1510 1148 1569 Lar.

133 1587 231 1640 tritaet
254 1585 426 1650 1111555555,
448 1584 483 1650 cf.
503 1590 593 1638 taenea
606 1584 699 1653 praef.
719 1584 757 1638 ad
774 1584 836 1638 libr.
856 1584 900 1638 115
917 1599 994 1638 sem.
1013 1583 1080 1636 Lat.

204 1678 219 1725 t
240 1675 268 1725 et
287 1689 336 1726 om.
357 1674 449 1728 Paris.
471 1676 543 1727 7493
563 1675 674 1726 Monac.
762 1670 870 1744 script]
890 1670 1018 1725 scribalis
1038 1672 1148 1726 Monac.

133 1743 307 1812 scripturalis
326 1745 418 1798 Paris.
434 1747 506 1798 7493

542 1896 609 1952 239
633 1888 735 1973 [deest]

198 2001 317 2059 litterae
347 2001 473 2059 Latinae
503 2020 571 2060 cum
598 2000 700 2058 XXIII
730 2001 803 2075 sint,
835 2001 931 2059 Varro
959 1999 1048 2058 XVII
1078 2000 1151 2059 dicit

134 2107 212 2165 esse3
235 2093 348 2147 ceteras
372 2089 534 2165 superfluas
558 2093 654 2166 putat.

204 2187 316 2259 [Serpit]
332 2190 401 2256 expl.
417 2191 448 2241 in
462 2189 536 2242 1155.
551 2206 577 2258 p.
590 2193 695 2255 519,11
711 2203 798 2243 sicerae
808 2219 841 2228 —
852 2205 921 2250 putat.
941 2188 1035 2242 Diem.
1046 2205 1077 2257 p.
1089 2191 1151 2253 423,

133 2264 167 2313 31
191 2258 306 2326 quidam
325 2258 425 2313 Latino
450 2259 571 2314 sermoni
594 2259 721 2314 sufficere
745 2259 841 2313 decem
865 2262 894 2312 et
912 2261 1021 2327 septem
1040 2258 1150 2312 litteras

133 2329 324 2396 crediderunt,
353 2331 377 2384 si
405 2330 518 2397 quidem
542 2348 575 2384 ex
598 2330 700 2400 viginti
719 2332 748 2385 51
766 2331 857 2384 trihus
875 2347 932 2383 una
951 2329 1151 2398 adspirationis

133 2403 201 2455 nota
224 2405 275 2467 est,
297 2401 326 2469 h,
348 2417 406 2454 una
429 2401 542 2469 duplex,
564 2419 595 2468 x,
619 2402 692 2456 duae
711 2417 907 2470 supervacuae,
931 2399 952 2453 k
974 2403 1004 2454 et
1027 2419 1054 2470 q,
1079 2401 1151 2455 duae

133 2471 264 2538 Graecae,
279 2490 297 2540 y
312 2475 376 2526 etz.
405 2474 437 2526 de
450 2491 479 2527 re
493 2474 527 2539 ef.
543 2475 624 2527 etiam
638 2475 743 2528 Donat.
759 2490 859 2543 arepr.
875 2475 984 2541 pecs,
998 2476 1043 2526 12.
1074 2474 1149 2528 Mar.

138 2543 205 2598 Vict.
215 2561 242 2612 p.
255 2549 280 2612 6,
289 2549 313 2598 3.
334 2545 402 2599 Isid.
413 2562 452 2599 or.
464 2550 489 2610 1,
496 2550 522 2610 4,
531 2550 573 2598 10.
599 2545 698 2599 Usener
707 2545 773 2598 ibid.
780 2563 810 2613 p.
822 2549 876 2599 642
884 2544 949 2598 odei.
959 2547 984 2597 3.
1004 2544 1069 2612 Ieep
1085 2545 1150 2599 thid.

129 2634 158 2685 p.
175 2619 235 2670 112.
269 2616 301 2669 de
315 2617 489 2670 collocatione
503 2617 545 2669 od.
557 2617 647 2684 praefi
663 2616 700 2669 ad
716 2618 776 2670 sicr.
810 2616 854 2670 115
868 2632 943 2669 sem.
960 2615 1025 2669 Lat.
1045 2631 1073 2683 p.
1089 2619 1150 2669 199.

546 2769 613 2826 545
637 2760 730 2845 [105]

200 2875 362 2931 auctoritas
390 2877 453 2932 tam
476 2874 620 2932 Varronis
649 2893 738 2948 quam
766 2873 859 2932 Macri
888 2875 964 2932 teste
988 2870 1150 2932 Censorino

133 2962 225 3020 neck
248 2979 302 3019 nec
321 2981 340 3036 q
363 2962 454 3020 nech
477 2962 509 3020 in
533 2981 655 3020 numero
679 2962 801 3020 adhibet
822 2962 1002 3020 litterarum.

205 3061 292 3113 Prisc.
317 3077 346 3128 p.
368 3065 449 3126 13,8
476 3075 596 3114 ausuum
623 3075 734 3128 quoque
757 3077 804 3113 am
827 3091 860 3100 —
883 3074 1015 3114 utentum.
1056 3061 1148 3116 Dicin.

129 3134 237 3200 pm,
254 3135 287 3184 11
312 3129 480 3196 quibusdam
508 3147 695 3199 supervacuae
722 3130 853 3186 videntur
880 3129 900 3182 h
924 3132 952 3184 et
979 3147 1007 3198 q,
1035 3132 1113 3199 quod
1135 3146 1149 3184 e

132 3202 229 3255 littera
241 3201 342 3254 harum
360 3201 452 3255 locum
467 3202 557 3271 possit
574 3201 692 3271 implere
701 3234 744 3256 —-.
762 3202 904 3269 hquoque
922 3201 1066 3256 interdum
1086 3218 1149 3257 oon-

134 3289 245 3338 sonans,
264 3272 406 3325 interdum
425 3273 624 3342 adspirationis
643 3274 766 3328 creditur
784 3275 859 3327 nota.
891 3274 926 3340 ef.
943 3273 1037 3343 Quint.
1052 3279 1079 3340 1,
1089 3279 1115 3341 4,
1125 3277 1148 3326 9.

135 3345 186 3399 Vel.
207 3345 298 3416 Lcnp.
312 3362 343 3415 ,5.
361 3348 404 3414 52,
415 3349 439 3400 3.
465 3349 509 3414 53,
520 3349 545 3399 5.
584 3345 659 3398 Mar.
681 3345 747 3398 Vici.
765 3362 793 3412 p.
809 3349 834 3411 5,
844 3348 888 3399 26.
912 3347 957 3410 33,
966 3347 1011 3398 28.
1050 3345 1147 3400 Victor.

104 3433 140 3483 p.
151 3419 219 3485 195,
225 3416 277 3474 “19.
298 3419 408 3477 Donat.
421 3437 470 3477 ars
479 3437 598 3494 promat.
608 3435 636 3488 p.
646 3420 750 3484 368,7.
767 3417 1044 3484 Pompusianum.
1055 3420 1115 3480 110,
1124 3419 1146 3470 3.

101 3487 198 3544 Mart.
211 3490 396 3562 Oap.3,215.
414 3496 643 3553 2552552511.
665 3489 908 3568 lacerasse.
920 3487 1025 3562 rana.
1036 3485 1164 3560 seusa.

83 3575 213 3626 arama.
233 3566 273 3623 de
288 3569 345 3626 55.
360 3573 405 3628 11.
437 3568 651 3628 55555155.
681 3564 728 3620 ne
741 3549 1186 3625 „asstapoaweusea
