2400 3824
111 181 176 245 298
260 179 466 234 Grammaticae
485 180 586 234 aetatis
606 179 797 234 Varronianae
815 179 975 249 fragmenta

110 369 172 409 esse
202 351 384 425 maluerunt,
416 353 450 408 ut
478 349 612 408 cohortes
640 349 771 407 militum
799 367 866 408 cum
898 348 1084 423 aspiratione
1114 368 1131 407 a

110 442 213 497 mutua
236 440 406 499 hortatione
429 439 575 501 dicantur.
616 439 689 496 item
712 457 772 496 non
794 437 872 496 nulli
894 438 1040 496 harenam
1062 456 1129 496 oum

110 529 304 604 aspiratione,
346 530 408 587 sive
446 528 587 602 quoniam
623 528 758 601 haereat,
795 528 857 586 sive
894 527 975 601 quod
1016 545 1128 603 aquam

70 624 95 664 1⁶
109 617 243 691 hauriat,
274 615 430 675 dicendam
462 617 719 690 existimaverunt3
754 615 821 674 aliis
853 615 915 674 sine
943 617 1129 691 aspiratione

109 706 229 772 ridetur
256 705 446 764 enuntianda.
492 723 545 763 nos
569 707 715 764 nontam
744 724 798 780 per
819 705 888 764 illas
916 723 1022 764 causas
1053 724 1128 780 quas

109 814 201 870 supra
237 794 445 871 proposuimus
478 789 642 871 <harenam
679 789 835 871 dicimus),
876 812 966 869 quam
1002 798 1129 870 propter

109 883 254 962 originem
277 885 368 957 vocis,
392 885 418 942 si
441 883 569 958 quidem,
597 886 632 941 ut
653 885 739 942 testis
763 886 808 942 est
831 881 936 957 Varro,
964 901 982 940 a
1007 882 1128 942 Sabinis

108 974 212 1032 fasena
230 972 348 1045 dicitur,
372 975 402 1031 et
420 973 499 1030 sicut
517 990 530 1030 s
554 971 744 1030 familiariter
766 973 798 1030 in
816 992 832 1030 r
853 972 971 1046 transit,
995 971 1041 1030 ita
1059 973 1077 1031 f
1096 973 1128 1030 in
1160 983 1164 997 ·

68 1071 94 1110 ²⁰
108 1061 237 1120 vicinam
268 1061 481 1136 aspirationem
507 1064 650 1120 mutatur.
697 1061 835 1120 similiter
858 1080 928 1138 ergo
957 1063 986 1119 et
1014 1060 1128 1120 haedos

108 1151 233 1209 dicimus
261 1169 329 1209 cum
357 1150 548 1224 aspiratione,
578 1152 720 1226 quoniam
742 1150 823 1208 faedi
847 1149 1023 1209 dicebantur
1046 1150 1128 1226 apud

109 1241 256 1314 antiquos.
293 1239 366 1297 item
388 1234 497 1312 hircos,
520 1239 662 1315 quoniam
680 1239 798 1298 eosdem
817 1258 909 1314 aeque
931 1238 1019 1298 fireos
1038 1258 1128 1298 voca-

107 1329 188 1386 bant.
225 1348 296 1386 nam
319 1330 349 1387 et
371 1347 387 1386 e
410 1329 569 1402 contrario,
592 1347 682 1402 quam
706 1327 825 1403 antiqui
847 1327 956 1386 habam
976 1327 1127 1403 dicebant,

107 1436 161 1476 nos
175 1417 276 1476 fabam
296 1417 428 1476 dicimus
466 1417 592 1476 cilonem
611 1436 728 1493 quoque
748 1421 777 1475 et
795 1417 925 1476 cocleam
943 1419 973 1475 et
992 1417 1126 1476 cocleare

67 1516 93 1556 ’ὁ
108 1506 171 1564 sine
194 1505 376 1582 aspiratione
400 1506 571 1580 scribemus,
597 1510 627 1564 et
646 1505 787 1582 quicquid
809 1525 862 1582 per
880 1506 1127 1565 consuetudinem

108 1595 225 1653 aurium
248 1596 292 1652 ita
313 1595 432 1654 licuerit
451 1594 619 1669 enuntiare,
642 1614 701 1653 nen
721 1596 800 1654 enim
817 1594 935 1654 firmum
954 1597 1000 1654 est
1023 1596 1126 1654 catho-

107 1684 198 1742 licum
228 1686 505 1762 grammaticorum,
542 1703 600 1759 quo
631 1686 751 1743 censent
779 1683 993 1760 aspirationem
1021 1702 1125 1744 consc-

107 1775 192 1832 nanti
219 1792 278 1832 non
307 1791 368 1832 esse
398 1773 593 1850 iungendam,
623 1776 743 1832 cumei
767 1771 915 1850 Carthago
946 1772 1067 1832 dicatur
1097 1776 1127 1832 et

107 1863 232 1937 pulcher
254 1866 284 1921 et
308 1861 456 1922 Gracchus
480 1866 509 1920 et
533 1859 612 1920 Otho
636 1863 665 1920 et
688 1861 832 1921 Bocchus.

184 1962 238 2015 Vel.
253 1962 341 2031 Lolly.
352 1979 383 2030 p.
399 1965 445 2027 68,
461 1966 495 2014 14
514 1962 542 2013 ei
560 1975 588 2015 de
602 1976 617 2014 h
632 1976 706 2014 littera
721 1992 744 2000 -
759 1978 782 2015 et
795 1975 904 2017 Bocchus.

180 2074 193 2119 1
214 2068 249 2121 de
268 2067 321 2120 hac
340 2066 358 2120 l.
378 2068 418 2121 cd.
433 2069 525 2136 princ.
541 2094 574 2112 =
590 2067 618 2120 R
729 2066 826 2120 multis
851 2068 950 2135 scripsi
973 2067 1032 2122 coll.
1056 2068 1124 2123 Gau.

105 2141 133 2202 2,
148 2142 204 2204 3,1
225 2155 288 2191 cum
306 2137 350 2190 his
368 2139 445 2194 codd.
464 2140 523 2194 eccl.
540 2139 605 2193 Keil
689 2144 705 2191 3
724 2138 903 2192 vehementer
973 2139 1125 2208 reprehen-

107 2209 150 2262 dit
259 2211 688 2264 tatsccl.Kcilaut1aaiua
759 2209 848 2263 hostis
869 2241 902 2250 —
921 2209 1044 2264 harenae
1063 2212 1124 2265 secl.

107 2280 173 2334 Keil
250 2285 265 2333 6
285 2281 338 2334 ,ha
357 2279 481 2335 halicam
500 2283 528 2334 et
546 2279 669 2334 halicam
688 2284 716 2334 et
735 2280 868 2334 aliculam
946 2287 960 2334 ἵ
980 2281 1125 2336 existimet

108 2356 141 2404 10
161 2369 177 2404 a
192 2352 343 2405 coercendo
359 2353 387 2407 R
495 2359 526 2405 11
548 2354 576 2407 et
592 2355 663 2405 tam:
683 2370 731 2406 em.
747 2371 780 2405 ru.
795 2352 852 2407 cod.
868 2353 955 2406 Vatic.
975 2354 1004 2405 et
1018 2368 1083 2406 earn
1096 2355 1125 2409 R

108 2426 140 2475 15
161 2423 280 2476 dicenda
369 2429 401 2476 16
420 2423 483 2494 per]
502 2425 618 2492 propter
637 2425 704 2479 Keil
794 2428 827 2476 17
846 2422 906 2478 har.
927 2424 953 2477 d.
972 2424 1038 2478 add.
1059 2425 1126 2479 Keil

107 2499 140 2546 19
159 2494 285 2547 lausana:
305 2512 353 2548 cm.
373 2495 440 2549 Keil
457 2496 516 2549 coll.
533 2495 586 2549 Vel.
607 2496 695 2565 Lcap.
711 2513 741 2563 p.
755 2499 799 2561 81,
814 2499 848 2549 11
922 2500 956 2548 20
974 2495 1081 2549 hoedos
1097 2497 1126 2551 B

107 2570 139 2618 21
160 2565 236 2620 foedi
327 2572 360 2618 22
380 2565 470 2620 fercos
561 2571 594 2619 29
614 2566 749 2635 gracchos
768 2567 798 2619 et
816 2565 882 2620 otho
902 2567 930 2619 et
948 2566 1056 2621 bochus

520 2735 606 2793 aeci
631 2727 701 2814 [57]

172 2857 424 2933 Varroniplacet
443 2879 459 2916 r
481 2858 623 2933 litteram,
647 2859 672 2917 si
695 2861 791 2935 primo
814 2859 880 2918 loco
899 2863 1040 2934 ponatur,
1063 2879 1126 2919 non

105 2947 241 3022 aspirari.
291 2947 406 3004 lector
433 2949 511 3006 enim
538 2949 615 3023 ipse
644 2947 745 3023 inquit
771 2948 989 3026 intellegere
1017 2948 1126 3008 debet

105 3035 240 3092 Rodum
257 3038 376 3093 tamen
395 3036 464 3094 etsi
482 3037 585 3095 hnon
602 3035 724 3111 habet,
743 3037 905 3096 Rhodum
923 3055 1013 3112 esse,
1032 3040 1125 3097 reto·

104 3143 175 3182 rem
197 3125 383 3182 rhetorem.

176 3222 252 3275 Aac.
269 3222 379 3276 Cernat.
395 3240 440 3291 ap.
458 3224 579 3278 Cassiod.
594 3225 661 3278 ortt.
672 3229 800 3293 p.154,1
821 3238 919 3278 Varroni
932 3225 1020 3278 etiam
1035 3224 1126 3295 [enim

104 3294 190 3348 Bora.
204 3292 258 3374 vg]
272 3308 346 3355 praees
359 3326 386 3332 -
398 3309 515 3348 rhetorem.
534 3295 584 3349 aed
603 3295 702 3349 eadem
721 3295 879 3349 observatio
893 3311 949 3348 non
963 3297 1127 3350 necessaria

105 3367 148 3417 est
170 3365 193 3433 [r
206 3363 321 3488 htteriff.
348 3369 413 3419 sunt
432 3365 507 3419 enim
525 3365 610 3420 verba
628 3366 719 3434 primo
738 3365 805 3420 loco*
818 3383 833 3418 r
846 3365 972 3420 litteram
986 3365 1127 3422 habentia

104 3451 161 3488 non
179 3434 270 3488 minus
312 3435 390 3489 atina
408 3453 494 3504 quam
513 3436 626 3492 Graeca.
655 3437 752 3504 itaque
771 3436 871 3491 merito
895 3437 1053 3492 auferemus
1074 3442 1126 3494 aut

68 3505 293 3600 wetinus
317 3507 532 3578 aspirationem,
558 3508 647 3561 Roma
670 3509 768 3579 regina
786 3524 856 3577 rapa
874 3509 978 3562 Rodus.
1017 3511 1052 3576 cf.
1073 3513 1126 3567 At

168 3578 229 3637 'ria
239 3597 275 3651 p.
291 3584 358 3650 303,
372 3585 418 3640 15.
