2400 3824
466 134 589 190 Cloatius
608 135 697 189 Verus
1023 134 1089 199 469

534 306 556 364 2
580 297 628 384 [1]

142 429 288 488 eluoineri
306 429 419 488 fectum
439 431 558 506 scripsit
578 423 737 508 [Cloatius]
760 448 794 487 ex
814 447 857 503 eo,
881 427 962 504 quod
982 427 1091 487 dieitur

75 536 179 595 greeoe
206 515 315 593 ἀλύειν,
343 518 421 577 unde
446 519 562 578 elueum
589 536 708 594 quoque
733 535 795 577 esse
819 517 932 576 dietum
960 521 1050 594 putat
1073 537 1091 576 5

74 607 176 665 littere
194 609 226 666 in
250 628 265 666 e
284 625 369 666 verse
391 607 565 666 tarditatem
589 606 738 683 quendam
763 606 855 665 enimi
875 608 905 665 et
928 608 1091 683 stuporem,

76 699 128 771 qui
151 697 372 756 alucinantibus
396 696 569 772 plerumque
592 713 650 754 usu
673 697 763 754 venit.

150 796 218 850 Geli.
242 795 307 849 ibid.
328 799 345 850 3
367 795 436 850 item
460 808 570 849 uluolnuri
589 826 622 834 -
641 808 709 849 venit.
746 796 828 849 Paul.
850 795 922 848 Fett.
942 811 972 863 p.
991 797 1037 860 24,
1059 799 1092 848 14

77 866 230 919 alucinetio
249 867 359 920 erretio.
392 867 464 920 idem
478 884 507 936 p.
524 870 617 932 75,17
635 866 745 920 eluoum
765 865 906 936 significet
924 864 1092 934 languidum

77 953 110 991 oc
130 939 326 992 semisomnum
345 937 403 1005 vel,
426 939 459 991 ut
478 937 528 990 elii
546 937 657 1003 volunt,
684 936 887 992 elueinutorem
906 938 935 990 et
953 953 1092 1007 nugarum

77 1011 231 1063 amatorem
259 1009 318 1062 sive
346 1008 489 1075 milonem,
518 1009 548 1062 id
577 1014 620 1062 est
647 1008 778 1063 hesterno
806 1008 872 1062 vino
899 1007 1092 1078 languentem,

77 1081 152 1149 quod
178 1079 261 1135 ἕωλον
284 1081 411 1134 vocitent
434 1079 541 1134 Greeoi.
579 1081 660 1135 aliter
678 1081 750 1134 idem
764 1097 793 1150 p.
814 1084 877 1146 100,
897 1083 923 1133 8.
961 1079 995 1146 of.
1016 1079 1091 1133 Nou.

73 1169 102 1221 p.
119 1156 181 1217 121,
195 1158 241 1206 20.
279 1152 406 1222 1159555.
425 1170 501 1206 serm.
522 1159 579 1206 555.
598 1156 641 1206 52.
663 1151 748 1207 0111.
767 1153 805 1206 ΙΙ
821 1154 863 1217 15,
877 1155 920 1206 43.
941 1151 991 1206 IV
1006 1154 1053 1215 15,
1067 1154 1092 1204 9.

84 1224 183 1290 V615,
198 1228 222 1278 3.
243 1228 306 1288 642,
321 1227 363 1279 39.
395 1224 427 1277 55
444 1224 528 1278 Gellii
545 1229 655 1279 auctore
673 1224 707 1290 of.
723 1223 903 1294 Hypsicratee
922 1223 960 1276 55
977 1221 1013 1289 fr.
1030 1226 1057 1276 2.

150 1336 165 1383 2
186 1330 235 1383 er.
256 1331 285 1384 ΕΙ
305 1347 361 1384 non
376 1329 502 1384 delutum
517 1330 609 1385 Paris.
629 1329 704 1382 unde
718 1328 813 1383 lucum
828 1330 901 1384 rell„-
919 1345 966 1383 em.
984 1328 1094 1384 0551555

79 1403 254 1471 8155591555
327 1416 343 1454 5
362 1401 417 1455 litt.
437 1402 465 1455 in
486 1418 502 1456 e
521 1402 615 1456 Poris.
636 1400 655 1453 d
673 1399 729 1454 litt.
748 1400 778 1453 in
798 1417 813 1454 e
831 1400 888 1455 rell.

538 1555 558 1611 3
583 1545 631 1631 [1]

146 1688 245 1728 errare
264 1668 376 1727 dietum
396 1671 442 1727 est
460 1664 517 1727 ἀπὸ
537 1675 590 1726 τοῦ
608 1665 703 1746 ἔρρειν
727 1660 784 1746 [ait
800 1664 942 1743 01051155]
962 1685 1094 1726 versum·

80 1778 138 1833 que
166 1759 257 1815 infert
279 1757 411 1831 Homeri,
438 1759 470 1814 in
498 1776 556 1833 quo
584 1756 616 1814 id
643 1755 764 1814 verbum
794 1758 838 1814 est
867 1749 1094 1835 [Od.10,72]:

81 1838 151 1925 ’ἔρρ’
178 1845 210 1905 ἐκ
233 1845 327 1923 νήσου
350 1850 477 1922 θᾶσσον,
501 1842 639 1924 ἐλέγχιστε
663 1840 818 1916 §cetivrreo'¹

154 1946 221 2000 Gen.
241 1945 338 2000 ibid.1
359 1943 483 1999 Cloatius
501 1943 590 1998 Verus
613 1944 643 1996 in
666 1941 759 2010 libris,
784 1959 853 2011 quos
872 1943 1017 2013 inscripsit
1035 1959 1095 1997 ver-

80 2017 179 2070 borum
203 2034 220 2069 5
243 2016 356 2070 Graecis
380 2018 546 2079 treetorum,
570 2047 603 2055 -
627 2040 700 2070 errare
723 2015 817 2083 inquit
839 2029 923 2069 uorum
941 2047 968 2054 -
987 2021 1095 2073 ζωόντων.

80 2090 193 2156 51155.
220 2091 272 2142 ine.
300 2089 416 2143 151514
440 2105 469 2156 p.
491 2092 544 2142 115
569 2093 594 2142 et
618 2087 650 2141 55
675 2086 759 2140 Gellii
784 2093 893 2141 5555555
916 2086 1097 2156 Hypsicraten

81 2160 119 2213 ae
137 2161 172 2226 fr.
188 2164 214 2214 5.

542 2259 561 2314 4
585 2249 634 2335 [1]

149 2383 295 2440 fascinum
317 2381 450 2457 appellat
475 2375 634 2460 [Cloatius]
660 2382 748 2456 quasi
771 2380 932 2439 basoenum
956 2383 986 2437 et
1008 2379 1096 2438 15σοὶ-

82 2490 153 2529 nere
177 2490 238 2530 esse
262 2471 348 2546 qussi
371 2471 532 2529 basoinure.

157 2570 223 2624 Geli.
239 2570 305 2624 ibid.
321 2574 337 2623 4
356 2569 425 2623 item
443 2583 553 2622 renonum
567 2601 593 2607 -
607 2583 729 2623 sarcinare.
749 2569 783 2633 cf.
799 2569 889 2624 Prisc.
904 2568 959 2620 III
973 2571 1038 2633 284,
1055 2570 1096 2621 13.

85 2642 171 2696 OGL
190 2643 226 2694 ΙΙ
241 2646 306 2706 255,
321 2645 364 2696 30.
402 2641 483 2694 aliter
502 2641 584 2694 Paul.
604 2640 676 2694 Fert.
692 2657 722 2708 p.
739 2643 841 2705 8814.

157 2755 169 2800 1
192 2747 366 2817 appellatum
384 2747 498 2802 Skutsch

546 2897 564 2956 5
588 2890 637 2976 [9]

152 3015 298 3091 iuglens
329 3005 362 3094 (d
386 3014 680 3090 praetermissum
705 3005 772 3087 est)
796 3012 901 3087 quasi
928 3009 1099 3088 diuglens

84 3105 120 3163 id
144 3109 198 3162 est
220 3101 306 3175 Διὸς
329 3102 499 3181 βάλανος,
524 3103 620 3161 siout
639 3101 911 3176 Theophrastus
935 3101 1000 3158 eit:
1025 3098 1098 3157 1555

85 3190 121 3252 δὲ
142 3201 209 3252 τῶν
224 3184 406 3272 ὀρεινῶνᾶ
425 3189 461 3252 ἐν
476 3195 548 3262 τοῖς
567 3188 706 3260 πεδίοις
725 3188 766 3250 οὐ
786 3188 927 3265 φύεται,
946 3185 1098 3266 τερέβιν-

86 3288 152 3353 θος
172 3286 297 3360 πρῖνος
318 3279 451 3358 (pilipp
471 3277 613 3358 ἀφάρκη
632 3277 760 3358 καρύα,
779 3274 798 3356 ἢ
818 3275 876 3338 καὶ
890 3277 975 3349 Διὸς
994 3277 1099 3355 βάλα-

86 3394 154 3442 νος.
200 3373 276 3429 hano
301 3369 405 3429 Graeci
429 3372 519 3428 etiem
536 3369 691 3427 basilicum
715 3372 834 3428 vocent.

158 3471 280 3524 Maeroh.
297 3474 322 3535 3,
337 3474 380 3536 18,
395 3475 412 3524 4
437 3467 564 3524 Cloatius
584 3470 687 3524 eutem
701 3467 800 3522 Verus
822 3465 858 3518 'in
869 3462 956 3516 liure
981 3473 1004 3506 5.
1017 3446 1159 3551 utendi}
1165 3536 1173 3546 ἱ

79 3543 229 3593 tractorum
253 3541 296 3594 ita
314 3544 469 3598 memorat:
495 3557 593 3608 iuglens
612 3576 639 3583 —
659 3559 759 3598 vesunt.
792 3538 834 3606 ef.
859 3535 941 3588 (10.5.
958 3527 1056 3580 Βῦὃῦ-
1079 3513 1124 3571 tt.
