2400 3824
442 175 479 230 M.
498 174 646 230 Terentius
668 175 753 231 Varro
1040 176 1105 240 297

159 335 291 405 llongit.
311 353 362 390 oua.
382 337 457 390 codd.
527 342 543 389 3
562 339 699 404 quantum
718 354 777 390 orer
797 354 844 391 em.
859 338 949 391 Wilm.
969 340 1108 405 qnantum

87 407 222 475 temporis
236 408 276 461 ed.
293 408 406 462 Vindob.
419 425 484 461 =o
543 414 559 461 5
579 408 616 461 sit
629 426 658 462 o:
679 407 702 461 si
765 414 781 463 6
800 408 887 479 altit]
902 407 938 462 ab
953 409 1107 463 altitudine

87 479 164 533 codd.
184 480 214 531 at
234 477 343 533 altite
433 479 577 547 8spiratu
601 480 671 548 (itu
690 480 811 535 Lacerat.
830 497 864 534 m.
879 483 908 546 2)
971 480 1106 548 adspirat.

946 552 1107 620 rr

511 774 582 831 279
607 767 678 851 [56]

156 897 279 955 hsiout
301 898 333 955 in
357 899 530 972 quaestione
554 900 607 971 est,
635 897 738 956 littera
761 900 802 957 sit
828 917 928 972 necne,
956 898 999 958 sic
1021 917 1106 956 num·

46 996 51 1007 ·
89 1004 180 1060 quam
199 985 369 1045 dubitatum
388 989 434 1046 est
452 986 580 1046 secundo
599 988 665 1045 loco
684 1006 702 1045 a
721 1005 907 1062 quacumque
927 990 1107 1046 consonante

88 1077 162 1150 poni
181 1074 295 1149 debere,
319 1075 398 1150 quod
417 1076 497 1134 solus
516 1075 612 1135 Varro
636 1075 768 1149 dubitat3
791 1077 859 1135 vult
877 1077 956 1135 enim
979 1075 1107 1135 auctori·

88 1167 152 1222 tate
189 1182 243 1222 sua
280 1164 395 1223 efficere
430 1167 466 1222 ut
496 1165 517 1222 h
548 1165 631 1240 prius
668 1168 800 1240 ponatur
835 1184 870 1223 ea
906 1165 1022 1240 littera,
1059 1167 1108 1223 cui

89 1253 303 1329 aspirationem
326 1254 448 1328 confert,
473 1256 503 1312 et
521 1257 606 1314 tanto
630 1254 726 1331 magis
746 1254 803 1312 hoc
822 1257 952 1330 temptat
975 1254 1106 1328 suadere,
1135 1265 1148 1306 ⁶

90 1341 169 1417 quod
192 1342 345 1402 vocalibus
374 1362 491 1418 quoque
514 1343 588 1402 dicit
611 1343 761 1418 anteponi,
789 1346 824 1402 ut
846 1344 931 1402 heres
954 1343 1061 1402 hircus.

161 1442 236 1494 Aua.
253 1442 364 1496 Cernat.
381 1459 425 1510 ap.
442 1442 563 1496 Cassiod.
579 1443 646 1496 aaa.
662 1459 692 1510 p.
708 1445 800 1508 152,a
818 1456 1029 1496 nuent-sirena.
1058 1443 1108 1495 aed

89 1510 245 1566 Varronem
264 1513 401 1580 praeterit
419 1515 618 1566 consonantem
636 1511 700 1566 ideo
720 1514 841 1567 secundo
860 1513 922 1567 loco
941 1513 1108 1582 hrecipere,

89 1583 165 1652 quod
191 1583 271 1654 [quia
294 1586 379 1638 Bere.
403 1585 510 1655 Paris]
537 1601 594 1637 non
619 1582 709 1652 possit
735 1586 801 1637 ante
827 1584 1027 1653 aspirationem
1052 1583 1108 1638 nisi

89 1653 193 1708 vocalis
208 1653 320 1709 habere.
353 1655 449 1723 itaque
464 1658 493 1708 et
512 1657 578 1710 ante
597 1657 626 1710 et
644 1657 709 1724 post
727 1655 746 1707 h
764 1655 862 1710 littera
880 1655 1046 1724 cuicumque
1059 1673 1108 1709 vo·

90 1725 146 1779 cali
165 1726 345 1796 adiungatur,
364 1725 530 1780 consonabit
549 1727 617 1798 [non
636 1744 673 1780 so.
694 1727 784 1781 codd:
806 1745 854 1781 em.
881 1727 1001 1850 Useaerfl.
1037 1726 1108 1780 haec

89 1797 165 1850 enim
183 1800 286 1851 natura
309 1797 448 1851 vocalium
468 1800 523 1865 est,
549 1800 581 1851 ut
601 1800 667 1852 ante
690 1813 719 1851 ee
739 1800 788 1851 aut
807 1800 871 1867 post
890 1798 957 1851 seh
996 1797 1109 1864 abeant,

90 1885 202 1936 quoquo
221 1885 324 1938 genere
343 1868 566 1923 enuntiationem
585 1886 641 1922 non
660 1868 818 1937 impediant
841 1869 917 1940 [post
936 1887 965 1922 se
984 1868 1109 1923 habeant

90 1955 132 1995 en.
153 1941 237 1994 Bere.
257 1942 321 2008 post
336 1957 366 1994 se
380 1940 398 1992 h
414 1955 456 1994 en.
476 1941 568 1996 Perrh.
588 1942 621 1993 ut
635 1957 747 2008 quoquo
761 1958 788 2010 g.
804 1957 847 1994 eu.
867 1941 981 1995 Bruxel.
994 1940 1109 2011 Colca}

89 2013 123 2078 cf.
144 2013 230 2065 Prisc.
248 2029 276 2080 p.
293 2015 395 2077 19,12.

164 2118 238 2172 lsic
275 2118 312 2171 sit
420 2119 653 2173 testacBeru.
674 2120 781 2182 Paria,
803 2119 1110 2174 memineramus

90 2205 127 2243 an
145 2221 180 2228 -
200 2118 316 2244 deberet
415 2195 430 2243 3
449 2190 517 2257 quia
535 2189 611 2244 solus
630 2191 715 2243 Bere.
734 2205 820 2257 quam
839 2207 860 2243 s.
880 2191 994 2245 Bracel.
1015 2191 1108 2245 Coloe.

90 2267 106 2313 4
127 2261 172 2314 cui
188 2262 278 2315 Wilm.
294 2277 416 2329 quae-
431 2260 539 2315 confert
553 2260 697 2329 (conferet,
712 2278 760 2315 era.
776 2261 915 2316 conferret
930 2262 1021 2316 Coloe.
1036 2279 1071 2315 m.
1082 2266 1110 2327 2,

90 2333 176 2386 Bere.
199 2332 302 2402 Colore.)
394 2337 409 2385 ὅ
429 2332 597 2401 persuadere
618 2333 716 2387 Uerrio
735 2338 760 2386 et
777 2331 836 2387 edd.
933 2338 948 2384 6
968 2348 1041 2401 quae
1060 2349 1108 2386 ene.

90 2403 167 2472 quod
186 2405 271 2458 Bere.
298 2422 323 2472 q.
343 2406 434 2458 Bracc.
461 2419 516 2475 que
536 2403 626 2458 Colca.
653 2406 686 2457 ut
704 2404 797 2458 Poris.
871 2403 948 2456 dicat

519 2555 585 2613 aso
608 2547 679 2632 [se]

159 2679 195 2738 de
224 2681 245 2737 h
274 2679 377 2737 littera
407 2681 570 2753 quaeritur,
601 2695 677 2754 quae
709 2696 739 2736 se
768 2677 871 2736 multis
902 2681 954 2736 aut
983 2679 1111 2736 inseruit

90 2768 213 2827 vocibus
230 2770 283 2826 aut
301 2768 482 2844 praeposuit.
514 2768 642 2826 inseruit
659 2768 694 2824 ut
711 2767 744 2824 in
762 2767 809 2825 his
825 2761 993 2825 ‘vehemens
1012 2785 1109 2842 repre·

91 2852 216 2931 hendit',
240 2877 308 2916 cum
332 2857 528 2934 elegantiores
552 2859 583 2915 et
601 2857 770 2915 veementer
790 2855 891 2915 dicant
910 2860 940 2914 et
957 2855 1111 2932 reprendit

91 2947 253 3006 secundum
276 2945 404 3022 primam
426 2947 619 3021 positionem3
647 2945 760 3020 prendo
784 2947 863 3004 enim
886 2945 1022 3020 dicimus,
1050 2964 1109 3004 non

90 3035 249 3112 prehendo.
296 3037 328 3093 at
359 3035 546 3110 praeposuit,
578 3037 613 3094 ut
644 3053 711 3092 cum
743 3033 824 3093 dicas
858 3028 966 3113 [hostis
998 3034 1110 3092 harena
1138 3053 1150 3093 o

90 3119 234 3203 harenae]
258 3125 388 3183 halicarn
407 3128 437 3183 et
454 3124 626 3198 haliculam,
650 3142 717 3182 cum
736 3123 773 3181 ab
793 3123 899 3182 alendo
917 3124 1013 3199 possit
1032 3123 1110 3182 alica

91 3213 159 3289 dici,
180 3216 210 3272 et
228 3213 368 3272 aliculam
387 3214 558 3273 existiment
576 3213 695 3286 dictam,
715 3212 796 3289 quod
816 3212 879 3271 alas
898 3213 983 3272 nobis
1000 3213 1110 3271 iniecta

91 3304 252 3362 contineat.
298 3303 402 3361 hortus
433 3322 550 3378 quoque
579 3321 639 3360 uon
670 3301 859 3360 desiderabat
888 3301 1110 3377 aspirationem,

92 3392 173 3468 quod
199 3392 243 3450 ibi
270 3392 379 3451 herbae
404 3393 541 3451 oriantur
568 3391 600 3449 id
623 3394 668 3450 est
690 3392 871 3465 nascantur,
895 3389 954 3449 sed
968 3394 1083 3447 tamen
1097 3407 1124 3441 a

87 3481 300 3539 consuetudine
326 3481 453 3560 accepit.
502 3487 534 3545 et
563 3483 706 3545 cohortes
734 3500 837 3558 aeuus
864 3498 888 3538 a
912 3473 1085 3536 conuenae
1112 3485 1156 3520 en
1165 3481 1198 3514 xa

74 3564 397 3633 ⁶060m1000dictae
424 3579 517 3657 sunt3
548 3580 584 3640 et
606 3569 766 3659 tam<enp
792 3567 1019 3633 &inscendam
1046 3549 1188 3625 nibem*
