2400 3824
73 171 116 233 60
254 170 460 225 Grammaticac
480 172 729 225 antevarronianae
747 171 907 241 fragmenta

526 342 545 397 8
586 342 625 397 14

141 447 273 505 delirum
287 449 383 504 -ait
397 464 458 505 esse
472 478 513 485 —
524 333 777 505 Aelius]stultum.
816 443 962 505 Oscorum
977 466 1094 523 quoquc

73 537 177 613 lingua
200 535 349 613 significat
372 538 517 593 insanum.

145 635 228 689 Paul.
248 634 322 688 Feet.
337 653 367 703 p.
383 639 457 700 68,1
482 649 581 687 curvum
601 635 733 703 supinum
752 649 784 688 au
802 661 820 689 ο.
840 633 972 688 Aurelius
994 635 1043 705 [fr.
1057 635 1093 705 4],

73 719 152 760 Aenus
166 739 199 745 —
214 721 322 759 insanum.
355 705 472 776 Hesych.
488 704 576 772 δαλίς,
594 703 692 774 μωρός.
743 707 778 773 cf.
794 706 899 761 Santra
915 707 954 773 fr.
969 709 999 760 8.

525 842 545 897 9
586 834 632 898 15

139 946 243 1004 Aelius
265 945 356 1002 Dium
379 945 500 1003 Fidium
529 833 646 1004 dic[eba]t
668 945 773 1004 Diovis
796 944 900 1018 filium,
928 947 963 1003 ut
989 944 1094 1005 Graeci

74 1034 240 1114 Λιόσκορον
273 1033 433 1108 Castorem,
466 1038 496 1092 et
527 1034 655 1110 putabat
686 1035 765 1093 hunc
797 1052 859 1093 esse
891 1033 1024 1092 Sancum
1059 1034 1094 1091 ab

75 1124 187 1182 Sabina
210 1124 314 1200 lingua
338 1126 368 1181 et
391 1123 549 1182 Herculem
573 1144 591 1182 a
614 1121 735 1182 Graeca.

151 1224 238 1276 Varro
257 1223 289 1276 de
308 1223 323 1276 l.
341 1223 374 1275 L.
390 1226 420 1286 5,
436 1226 472 1277 66
490 1235 569 1276 Aelius
584 1254 616 1261 —
633 1235 726 1276 Graeca.
763 1223 846 1276 Paul.
861 1222 936 1277 Fest.
947 1240 976 1291 p.
995 1225 1064 1288 147,
1079 1225 1095 1274 7

72 1294 182 1346 medius
200 1293 297 1346 Fidius
317 1293 503 1362 compositum
521 1293 633 1346 videtur
650 1295 679 1347 et
698 1292 856 1362 significare
870 1292 943 1347 Iovis
961 1292 1048 1360 filius,
1066 1292 1095 1344 id

74 1368 117 1418 est
135 1363 283 1432 Hercules,
302 1365 378 1433 quod
397 1364 489 1418 lovem
507 1380 608 1434 graece
627 1362 684 1418 Δία
703 1367 732 1418 et
750 1381 800 1417 nos
819 1364 924 1430 Iovem,
944 1380 978 1418 ac
998 1363 1095 1417 fidium

73 1453 124 1505 pro
142 1434 214 1501 filio,
234 1437 309 1504 quod
329 1452 412 1505 saepe
432 1437 516 1490 antea
534 1453 584 1504 pro
603 1435 614 1488 l
632 1434 729 1488 littera
748 1436 766 1488 d
784 1435 944 1489 utebantur.
979 1434 1095 1503 quidam

74 1507 237 1560 existimant
255 1506 448 1561 iusiurandum
467 1523 528 1560 esse
546 1524 597 1576 pro
618 1507 675 1560 divi
691 1507 784 1574 fidem,
804 1506 921 1574 quidam
934 1522 988 1576 per
1002 1506 1095 1559 diurni

73 1578 209 1647 temporis
228 1577 259 1630 id
278 1581 321 1632 est
336 1579 392 1631 diei
406 1579 499 1632 fidem.
528 1580 563 1645 cf.
581 1578 658 1633 Ouid.
673 1579 737 1644 fast.
754 1583 780 1644 6,
793 1582 856 1632 213.
885 1578 959 1632 Fert.
971 1596 1003 1648 p.
1018 1581 1095 1642 229⁸,

74 1655 117 1704 13.
136 1653 251 1715 241·,2.
285 1651 357 1704 Sero.
373 1652 449 1704 Dua.
467 1652 535 1704 Aea.
550 1655 580 1715 4,
594 1654 657 1704 204.
677 1654 705 1716 8,
720 1654 781 1704 301.
815 1650 917 1704 Aoecd.
934 1650 973 1703 H.
986 1667 1016 1718 p.
1030 1652 1095 1714 212,

74 1725 118 1774 37.
137 1726 260 1786 260,16.
296 1722 383 1775 OGL
397 1723 490 1787 1154,
505 1727 529 1774 1.
563 1723 595 1775 de
614 1723 769 1790 imperfecto
789 1721 916 1775 ‘dicebat'
937 1722 973 1787 cf.
988 1723 1095 1775 lucent.

70 1811 100 1861 p.
117 1798 151 1846 16
170 1799 194 1847 et
214 1793 293 1858 infra
311 1794 346 1858 fr.
363 1799 405 1847 10.
426 1796 469 1846 12.
490 1798 532 1845 51.

144 1890 165 2008 ὲ
177 1881 264 2006 fi{lum
278 1882 359 1936 Flor.
420 1881 602 1934 ‘ldioscorou
618 1882 700 1935 Flor.
756 1880 898 1950 putabant
951 1883 1096 1934 sanctum:

75 1971 123 2007 cor.
164 1969 215 2005 ca.

514 2090 555 2142 10
597 2090 639 2144 17

143 2194 222 2250 inter
246 2195 471 2268 vesperuginem
495 2195 525 2250 et
547 2080 741 2251 iulrarjdicta
764 2212 822 2250 nox
844 2194 1035 2267 intempesta,
1064 2197 1098 2249 ut

75 2283 107 2338 in
121 2282 216 2339 Bruto
232 2280 327 2338 Cassii
341 2281 420 2356 quod
435 2281 507 2339 dicit
523 2276 603 2359 [Aac.
613 2287 708 2354 praet.
722 2301 747 2340 c.
759 2285 800 2339 41
810 2273 923 2360 Ribc.⁸]
945 2275 1097 2339 ‘Lucretia

76 2373 162 2429 nocte
190 2372 370 2444 intempesta
397 2374 531 2429 nostram
559 2371 679 2430 devenit
708 2365 853 2430 domum':
885 2372 1097 2446 intempestam

76 2460 180 2518 Aelius
205 2459 322 2518 dicebat
346 2477 413 2517 cum
435 2463 553 2534 tempus
578 2461 685 2537 agendi
709 2464 753 2519 est
776 2460 900 2517 nullum.

154 2560 241 2613 Varro
256 2558 287 2611 de
302 2559 319 2612 l.
331 2559 364 2611 L.
376 2563 402 2624 6,
414 2563 431 2612 7
444 2573 503 2612 inter
517 2574 824 2622 vesperuginem-nullum.
852 2559 923 2612 idem
938 2558 1005 2612 ibid.
1024 2563 1051 2623 7,
1062 2561 1098 2611 72

76 2631 152 2698 quod
167 2632 210 2683 est
224 2630 301 2698 apud
316 2628 442 2683 Cassium
459 2630 551 2683 ‘noete
566 2662 598 2670 —
615 2631 750 2698 domnm',
764 2631 936 2699 intempesta
950 2646 1005 2683 nox
1020 2629 1099 2682 dictu

77 2718 94 2754 a
108 2703 286 2770 tempestate,
300 2703 453 2768 tempestas
464 2700 499 2753 ab
510 2704 644 2770 tempore,
659 2717 714 2757 nox
723 2701 895 2770 intempesta
904 2717 960 2768 quo
970 2702 1099 2768 tempore

77 2772 148 2825 nihil
166 2773 267 2842 agitur.
296 2774 330 2837 cf.
346 2774 405 2825 Iac.
421 2775 473 2825 iac.
488 2774 547 2827 libr.
562 2775 599 2838 fr.
611 2779 628 2827 6
642 2774 727 2840 infra.
743 2775 813 2827 Aur.
827 2773 908 2842 Opill.
918 2774 955 2839 fr.
966 2775 992 2825 3.
1012 2772 1096 2825 Paul.

78 2843 307 2912 Fest.p.110,19
325 2843 524 2910 intempestam
538 2846 646 2897 noctem
663 2845 782 2897 dicimus
796 2859 847 2912 pro
862 2843 1012 2897 incertiore
1026 2845 1098 2896 tem-

78 2930 153 2982 pore,
168 2914 236 2980 quia
249 2931 306 2967 non
315 2916 375 2966 tam
385 2914 468 2967 facile
478 2915 569 2968 noctis
579 2916 664 2969 horae
675 2932 759 2982 quam
769 2915 827 2968 diei
836 2915 947 2984 possint
958 2912 1097 2984 intellegi.

76 2987 274 3052 tempestatem
297 2984 372 3037 enim
396 2985 507 3052 antiqui
525 3003 575 3054 pro
593 2989 719 3055 tempore
738 3002 864 3056 posuere.
897 2986 970 3041 Sero.
986 2987 1057 3039 Aeo.
1070 2989 1098 3050 2,

77 3061 142 3112 268.
159 3060 184 3123 3,
200 3061 262 3111 587.
295 3073 382 3127 peorp.
398 3063 424 3122 1,
438 3060 501 3110 247.
530 3059 567 3111 ia.
583 3059 660 3111 Dare.
675 3060 744 3112 Aeo.
760 3061 804 3124 12,
819 3061 880 3112 846.
907 3057 995 3112 Schol.
1011 3057 1097 3110 Rern.

76 3146 101 3199 9.
113 3128 178 3182 ibid.
190 3128 257 3182 Ista.
269 3144 307 3182 or.
319 3132 345 3193 5,
355 3132 400 3194 31,
409 3132 470 3196 9sq.
499 3129 532 3182 de
542 3136 600 3183 aut.
611 3146 661 3183 rer.
677 3134 704 3195 2,
715 3134 732 3184 3
742 3155 775 3173 =
786 3129 858 3184 Suet.
869 3135 946 3197 prat.
959 3145 988 3196 p.
1000 3128 1097 3181 16013.

81 3200 205 3254 Macrob.
222 3204 288 3266 1,3,
303 3204 345 3253 15.
380 3201 460 3254 Beda
479 3201 545 3254 ortt.
557 3218 586 3268 p.
600 3203 667 3266 275,
681 3206 705 3253 1.
739 3202 834 3255 Albia.
850 3200 916 3254 ortt.
927 3216 958 3267 p.
974 3201 1039 3264 303,
1054 3201 1097 3252 31.

79 3272 102 3326 O
108 3271 165 3326 GL
179 3273 200 3325 I
203 3272 228 3326 V
239 3275 303 3337 356,
317 3274 361 3324 32.
400 3272 425 3324 V
437 3276 504 3337 461,
518 3274 563 3325 22,
584 3274 648 3337 552,
663 3275 706 3325 62.
739 3271 772 3325 dc
790 3272 896 3339 imperf.
914 3270 1042 3324 ‘dicebat'
1063 3269 1098 3335 cf.

77 3345 112 3410 fr.
128 3349 154 3397 9.
185 3389 187 3393 .

530 3461 570 3517 11
611 3460 631 3517 2

116 3562 218 3624 latro
246 3571 304 3628 est
328 3570 455 3630 latero
483 3569 528 3630 ab
553 3452 694 3642 niele,
714 3563 916 3624 insiliator
938 3563 1032 3618 uiue.
