2400 3824
129 142 195 206 330
278 143 483 198 Grammaticos
502 143 605 199 aetatis
624 143 815 197 Varronianae
834 141 994 212 fragmenta

600 314 667 373 322

195 422 225 478 et
252 422 283 479 iu
313 421 442 480 carmine
471 423 501 479 et
528 420 559 478 in
588 421 687 480 soluta
719 421 854 479 oratione
886 438 996 500 genera
1030 421 1150 481 dicendi

128 509 297 585 probabilia
311 513 380 568 sunt
393 512 461 584 tria,
479 529 556 586 quae
572 509 677 569 Graeci
690 518 873 588 χαρακτῆρας
886 514 996 570 vocant
1010 513 1149 571 nomina-

129 618 187 675 que
210 601 252 659 eis
276 601 409 658 fecerunt
436 597 528 677 ἁδρὸν
552 598 652 678 ἰσχνὸν
676 596 773 676 μέσον.
819 618 872 658 uos
896 619 1028 675 quoque,
1060 621 1149 676 quem

127 691 258 764 primum
285 691 452 765 posuimus,
479 689 600 748 uberem
623 707 777 762 vocamus,
807 688 969 748 secundum
992 691 1148 767 gracilem,

102 781 252 838 stertium
278 778 463 838 mediocrem.
510 778 595 837 uberi
618 778 749 856 dignitas
778 781 867 854 atque
896 778 1065 855 amplitudo
1095 783 1147 855 est

128 868 233 946 gracili
252 870 391 927 venustas
411 870 441 926 et
459 867 618 942 subtilitas,
641 867 755 927 medius
773 868 805 924 in
824 867 951 927 confinio
971 871 1019 927 est
1036 871 1147 930 utrius·

129 977 185 1033 que
203 957 284 1016 modi
307 960 464 1033 particeps.
501 958 547 1016 his
566 957 691 1036 siugulis
715 959 859 1016 orationis
879 958 1046 1017 virtutibus
1071 961 1148 1018 vitia

128 1049 239 1124 agnata
258 1049 327 1105 sunt
349 1049 417 1122 pari
438 1065 571 1120 numero,
596 1066 671 1122 quae
690 1066 792 1105 earum
814 1046 934 1105 modum
953 1049 994 1106 et·
1007 1047 1146 1108 habitum

128 1137 295 1195 simulacris
323 1136 407 1195 falsis
436 1138 644 1195 ementiuntur.
691 1136 733 1195 sic
760 1136 936 1211 plerumque
959 1137 1079 1196 sufflati
1103 1142 1145 1197 at-

88 1244 113 1284 ro
128 1245 185 1301 que
207 1225 316 1283 tumidi
339 1225 449 1284 fallunt
471 1245 525 1302 pro
549 1225 703 1298 uberibus,
733 1225 903 1301 squalentes
931 1227 962 1283 et
988 1225 1146 1286 ieiunidici

127 1333 181 1390 pro
205 1314 374 1392 gracilibus
399 1317 506 1373 incerti
530 1318 560 1373 et
583 1314 717 1392 ambigui
739 1334 794 1390 pro
817 1313 1027 1374 mediocribus.
1076 1337 1146 1376 vera

128 1406 229 1462 autem
244 1406 274 1462 et
292 1406 413 1480 propria
427 1405 548 1463 huiusce
562 1404 641 1462 modi
657 1405 822 1463 formarum
839 1404 973 1480 exempla
987 1405 1020 1462 in
1034 1404 1145 1465 Latina

127 1495 230 1570 lingua
248 1492 287 1550 M.
302 1493 398 1552 Varro
422 1513 485 1552 esse
504 1494 578 1552 dicit
600 1493 746 1552 ubertatis
765 1493 938 1569 Pacuvium,
961 1496 1144 1570 gracilitatis

127 1581 290 1656 Lucilium,
322 1583 536 1642 mediocritatis
565 1582 744 1641 Terentium.
791 1583 842 1642 sed
871 1602 906 1642 ea
934 1584 1003 1658 ipsa
1035 1604 1144 1662 genera

88 1671 246 1730 udicandi
272 1674 333 1729 iam
361 1672 528 1748 antiquitus
556 1672 668 1731 tradita
696 1673 733 1730 ab
761 1672 891 1731 Homero
921 1674 993 1732 sunt
1022 1673 1086 1732 tria
1114 1673 1143 1732 in

126 1760 236 1820 tribus:
259 1761 450 1840 magnificum
468 1763 501 1820 in
514 1761 601 1820 Ulixe
619 1764 650 1820 et
667 1761 815 1835 ubertum,
834 1761 942 1820 subtile
959 1763 993 1820 in
1007 1762 1142 1822 Menelao

127 1853 158 1908 et
176 1851 349 1924 cohibitum,
372 1852 501 1909 mixtum
523 1850 768 1926 moderatumque
786 1852 818 1908 in
836 1851 969 1910 Nestore.
1009 1852 1142 1912 animad-

127 1959 212 2000 versa
240 1940 343 1998 eadem
369 1941 522 2016 tripertita
549 1941 680 1999 varietas
703 1943 748 2000 est
770 1939 801 1998 iu
824 1939 919 2000 tribus
946 1939 1143 2018 philosophis,

128 2048 201 2104 quos
229 2028 424 2088 Athenienses
452 2030 577 2088 Romam
606 2029 643 2088 ad
671 2032 805 2088 senatum
833 2029 938 2106 populi
960 2024 1040 2108 <R.>
1064 2031 1143 2110 lega-

88 2138 113 2177 ao
127 2121 234 2176 verant
260 2120 456 2194 inpetratum,
486 2121 533 2176 uti
555 2120 683 2177 multam
710 2119 888 2192 remitteret,
917 2137 1007 2194 quam
1032 2120 1143 2180 fecerat

126 2209 152 2266 is
176 2210 298 2284 propter
322 2207 414 2284 Oropi
436 2208 643 2267 vastationem.
690 2227 726 2266 ea
747 2208 845 2266 multa
868 2209 968 2267 fuerat
992 2209 1143 2268 talentum

127 2297 188 2356 fere
207 2299 411 2374 quingentum.
449 2301 534 2356 erant
556 2297 608 2357 isti
630 2297 802 2374 philosophi
821 2296 987 2357 Carneades
1012 2317 1048 2356 ex
1067 2299 1142 2359 Aca-

127 2386 237 2461 demia,
267 2386 415 2464 Diogenes
445 2385 574 2462 StoicuS,
608 2385 756 2446 Critolaus
779 2387 1005 2463 Peripateticus.
1054 2391 1085 2447 et
1112 2390 1143 2447 in

126 2479 262 2535 senatum
292 2476 411 2550 quidem
437 2475 602 2534 introducti
628 2477 790 2552 interprete
817 2477 865 2534 usi
892 2478 964 2536 sunt
992 2475 1023 2535 O.
1044 2477 1143 2537 Acilio

86 2584 111 2624 rs
126 2569 274 2642 senatore,
298 2566 348 2624 sed
373 2567 441 2624 ante
464 2566 523 2640 ipsi
547 2584 678 2624 seorsum
699 2567 826 2642 quisque
849 2565 1020 2624 ostentandi
1044 2569 1143 2644 gratia

125 2673 234 2730 magno
254 2659 400 2715 conventu
419 2655 573 2714 hominum
587 2655 832 2713 dissertaverunt.
864 2659 929 2713 tum
948 2653 1144 2715 admirationi

126 2745 216 2802 fuisse
250 2745 337 2803 aiunt
367 2745 499 2804 Rutilius
538 2738 654 2822 [HRF
675 2737 761 2822 3Ρ.]
795 2746 825 2802 et
856 2743 1000 2820 Polybius
1039 2739 1144 2824 [3222

120 2852 152 2906 p.
175 2835 260 2892 1287
280 2828 334 2912 Η]
367 2833 612 2909 philosophorum
644 2835 738 2892 trium
770 2834 818 2891 sui
847 2835 991 2908 cuiusque
1017 2836 1143 2912 'generis

125 2923 304 2980 facundiam.
351 2923 513 2981 violenta
544 2925 686 2998 inquiunt
715 2925 750 2981 et
779 2921 907 2998 rapida
939 2921 1142 2984 Carneades

85 3011 283 3084 aodicebat,
312 3013 404 3070 scita
428 3015 462 3070 et
488 3014 622 3071 teretia
646 3009 842 3086 Critolaus,
873 3011 1035 3072 modesta
1058 3012 1143 3073 Dio-

126 3118 231 3175 genes
256 3103 289 3158 et
312 3101 440 3159 sobria.

200 3198 266 3253 Gell.
282 3203 311 3265 6,
328 3203 361 3253 14
380 3217 402 3253 α
419 3215 444 3253 in
461 3215 559 3254 carmine
577 3233 603 3238 -
622 3218 644 3254 et
662 3215 741 3254 sooria.
778 3217 865 3252 unum
888 3200 1020 3267 quodque
1046 3203 1143 3256 autem

125 3286 222 3339 genus,
241 3271 274 3322 ut
293 3270 422 3336 diximus,
448 3289 511 3325 cum
530 3274 607 3325 caste
625 3272 783 3340 pudiceque
801 3273 924 3338 ornatur,
943 3271 976 3324 fit
993 3271 1142 3340 illustrius,

126 3358 188 3393 cum
206 3340 318 3395 fucatur
337 3343 421 3409 atque
439 3342 614 3410 praelinitur,
634 3344 666 3397 fit
679 3341 903 3412 praestigiosum.
929 3348 987 3412 leq.
998 3345 1033 3411 cf.
1048 3344 1141 3415 Quint

125 3417 169 3478 12,
184 3417 227 3478 10,
242 3417 287 3466 58.
325 3413 431 3468 Fronto
450 3431 475 3482 p.
497 3419 531 3468 54
550 3416 588 3468 N.
609 3416 686 3470 Rhet.
706 3416 752 3468 lot.
775 3415 838 3467 oria
856 3417 1010 3483 p.126,1.
1030 3420 1101 3484 438,
1116 3421 1140 3470 9.

112 3487 234 3552 515,st
251 3489 316 3554 561,
330 3485 393 3542 711.
422 3485 812 3556 Schol.Bcro.p.742,58H.
843 3485 929 3541 CGL
943 3485 1140 3542 V1207.499.

75 3552 197 3625 *Krold
219 3558 274 3617 Bo.
294 3561 376 3623 Mos.
395 3566 440 3632 62,
457 3566 504 3618 86.
577 3565 656 3630 ltsq.
675 3561 711 3628 cf.
726 3558 830 3612 Fronto
846 3573 876 3624 p.
888 3560 939 3611 113
952 3557 987 3610 N.
1016 3559 1139 3614 anatb.
