2400 3824
478 215 508 268 L.
528 215 625 268 Aelius
645 215 716 269 Stilo
1066 215 1108 280 69

531 388 572 443 44
612 387 655 442 42
710 386 717 402 ·

90 486 92 490 '
156 491 259 550 Aelius
282 491 338 550 hoo
361 491 426 550 loeo
456 485 569 570 [Paua
587 378 806 551 boaboatrieis
828 487 969 572 sr.1L.]
998 494 1110 569 vapula

84 582 221 656 positum
245 599 307 640 esse
332 581 376 639 aii
398 599 453 656 pro
476 580 551 638 dole.

160 679 233 734 Fert.
249 696 279 747 p.
300 679 379 746 3721‘,
393 682 427 732 31
449 691 528 733 11555
541 711 576 718 -
591 693 647 733 5515.
685 681 773 734 locum
792 681 891 734 Plauti
908 681 952 736 51.
972 681 1010 734 ad
1029 681 1109 736 Varr.

84 752 123 818 fr.
140 755 202 805 460.
235 751 270 816 cf.
290 750 369 805 Siara
392 750 458 818 Cap.
477 752 513 816 fr.
528 753 574 805 22.

532 865 575 922 45
616 860 664 923 43'

157 974 312 1030 victimam
326 972 431 1032 Aelius
448 972 524 1030 ssflo
540 974 584 1030 ait
601 859 672 1032 [sse]
683 973 814 1031 vitulum
833 973 871 1033 ob
887 973 949 1032 eius
969 973 1110 1051 vigorem.

160 1071 235 1125 Fert.
246 1088 277 1140 p.
292 1071 403 1137 371b‚6
422 1085 536 1124 victimam
551 1102 584 1110 —
600 1085 712 1136 vigorem
733 1071 783 1124 alii
802 1073 852 1125 aui
866 1087 938 1138 quae
952 1072 1047 1125 vinoba
1062 1073 1111 1125 ad-

87 1142 210 1196 ducatur
228 1142 264 1195 ad
288 1141 377 1196 aliare
400 1144 450 1195 aut
476 1158 548 1208 quae
572 1141 607 1195 ob
626 1143 716 1195 hostis
735 1143 824 1196 victos
849 1142 1018 1197 immoletur.
1061 1145 1111 1197 bae

86 1231 145 1268 noas
164 1213 300 1267 Aelianas
322 1215 498 1283 etpurolopa'oe
521 1230 618 1267 rursus
640 1221 706 1268 aaut
729 1215 806 1283 apud
828 1213 989 1280 05511551.
1011 1220 1035 1280 1,
1050 1218 1110 1269 335.

86 1285 162 1340 Sero.
182 1285 252 1338 Aea.
272 1291 297 1351 1,
312 1288 373 1338 334.
407 1285 475 1338 leid.
496 1302 534 1339 or.
555 1289 699 1351 6,19,34.
734 1286 817 1339 OGL
835 1286 861 1339 V
876 1291 920 1351 45,
934 1289 979 1340 28.
1008 1289 1071 1353 399,
1086 1291 1110 1341 9.

530 1420 573 1475 46
616 1420 658 1475 44

161 1523 273 1599 volpes,
296 1526 332 1581 ub
354 1523 458 1583 Aelius
481 1413 615 1599 dicebat}
630 1413 710 1600 qu]od
733 1526 817 1584 volui
839 1526 973 1601 pedibus.

167 1624 254 1678 Varro
273 1623 306 1676 de
324 1624 341 1676 1.
357 1624 390 1677 L.
407 1628 436 1688 5,
453 1628 505 1677 101
528 1639 653 1686 volpes-
668 1638 767 1686 pedibus.
804 1623 903 1693 Queat.
920 1631 944 1692 1,
960 1630 986 1690 6,
1001 1629 1037 1679 33
1055 1626 1113 1679 iam

88 1693 128 1746 sit
147 1725 181 1733 -
201 1693 298 1762 vulpes
317 1693 431 1762 volipes.
470 1695 504 1760 cf.
526 1696 613 1763 Caper
631 1696 663 1749 de
681 1696 752 1750 verb.
773 1696 836 1749 dab.
851 1713 882 1764 p.
903 1701 964 1762 112,
979 1702 1004 1751 4.
1041 1699 1111 1752 leid.

87 1782 128 1820 or.
146 1769 190 1832 12,
200 1770 227 1832 2,
236 1769 282 1819 29.
311 1765 415 1819 45551.
430 1765 469 1818 Η.
480 1784 510 1834 p.
526 1770 626 1832 180,2.
655 1767 687 1820 de
706 1767 813 1835 155551.
835 1767 962 1822 ‘dicebat’
983 1769 1111 1834 51159.

160 2006 193 2062 in
224 2005 313 2062 Nelei
345 2005 473 2064 carmine
508 2000 545 2083 [I
552 2023 585 2078 p.
600 2008 669 2064 271
694 2007 722 2065 V
741 1998 855 2085 1111512]
890 2025 983 2082 aeque
1007 2008 1113 2081 ‘priseo

90 2089 208 2152 ‘saueia
231 2113 305 2170 puer
322 2093 385 2151 filia
404 2089 540 2169 sumam',
562 2095 615 2153 ubi
637 2098 739 2153 tamen
758 2095 855 2154 Varro
880 2089 1027 2175 [15250]
1047 2114 1114 2154 oum

87 2177 132 2240 ‘a'
152 2201 246 2257 puera
268 2185 358 2258 putat
381 2183 503 2258 dietum,
527 2184 578 2242 sed
600 2185 704 2243 Aelius
730 2184 805 2243 Stilo
831 2188 974 2262 magister
998 2187 1060 2243 eius
1085 2189 1114 2243 ei

86 2272 217 2330 Asinius
241 2265 292 2350 [fr.
311 2266 343 2350 6]
368 2276 479 2332 eontra.

165 2370 292 2438 015555.
312 2374 408 2437 8410
436 2375 480 2440 (=
500 2373 579 2426 Pau
600 2373 664 2427 dub.
683 2390 760 2427 servu.
775 2391 806 2442 p.
826 2378 871 2440 49,
884 2374 978 2436 2411.)
1006 2387 1031 2426 in
1048 2386 1114 2427 Nelei

90 2474 124 2482 -
140 2459 225 2496 contra.
258 2442 292 2507 of.
314 2443 401 2497 Varro
416 2445 434 2496 1.
449 2461 471 2497 5.

493 2560 536 2616 48
561 2553 712 2637 [155122]

158 2663 280 2738 pluria
303 2662 366 2724 sive
390 2665 593 2740 compluria

167 2762 234 2816 Gall.
259 2765 285 2828 5,
299 2765 378 2827 21,6
409 2761 493 2816 velim
526 2763 626 2816 doceas
658 2780 708 2817 nos
742 2781 790 2816 our
822 2778 897 2826 pluria
917 2778 964 2818 sive
983 2778 1115 2830 compluria,

88 2831 165 2885 nihil
193 2833 268 2886 enim
296 2831 402 2899 differt,
431 2850 487 2887 non
514 2833 603 2887 latine
627 2835 676 2888 sed
699 2835 818 2888 barbare
842 2834 964 2888 dixerint
987 2835 1025 2888 M.
1046 2834 1114 2890 Cato

89 2905 140 2975 [fr.
156 2907 193 2958 24
202 2905 262 2976 Ρ.],
287 2902 318 2969 Q.
333 2903 467 2958 Claudius
487 2905 533 2976 [fr.
549 2910 586 2959 90
596 2906 655 2976 Ρ.],
678 2905 808 2959 Valerius
827 2906 927 2960 Antias
948 2906 995 2978 [fr.
1012 2911 1049 2960 65
1059 2907 1115 2978 Ρ.],

92 2975 123 3028 L.
135 2973 232 3028 Aelius
248 2975 343 3047 [lelius
357 2977 456 3047 eodd.]‚
475 2976 505 3030 P.
516 2975 648 3047 Nigidius
668 2978 714 3048 [fr.
730 2978 786 3049 41],
806 2977 843 3030 M.
854 2977 943 3032 Varro
962 2978 1040 3102 Epora
1051 2985 1116 3046 post

88 3047 127 3114 fr.
136 3047 213 3117 264]‚
229 3064 298 3114 quos
309 3047 511 3116 subscriptores
522 3048 777 3116 approbatoresque
787 3049 871 3102 huius
882 3049 959 3102 verbi
990 3049 1113 3103 abemus.

90 3119 128 3184 cf.
146 3118 226 3172 saar.
238 3136 268 3187 p.
280 3123 325 3185 55,
336 3124 379 3173 10.
395 3123 492 3186 73,12.
509 3124 571 3184 125,
582 3124 606 3174 3.
635 3122 723 3174 Prae.
732 3137 762 3189 p.
775 3125 821 3186 59,
832 3126 858 3174 e.
873 3124 936 3186 315,
948 3126 990 3174 15.
1006 3125 1115 3187 350,11

90 3189 190 3257 (Sobel.
209 3191 266 3244 Ter.
282 3191 391 3245 Phoros.
407 3195 433 3258 4,
448 3194 474 3256 3,
489 3193 524 3258 6).
558 3191 662 3246 Donat.
682 3193 739 3245 Ter.
755 3193 821 3245 ibid.
854 3199 948 3246 atrum
966 3194 1065 3246 Aeliae
1083 3193 1115 3246 de

90 3263 136 3314 his
153 3268 331 3330 praeceptam
349 3262 454 3316 dederit
472 3280 511 3316 55
529 3268 637 3316 tautam
658 3263 774 3331 ‘pluria’
795 3264 913 3329 formam
932 3264 1116 3332 usurpaverit,

91 3348 150 3387 aon
169 3334 260 3401 liquet.

537 3415 578 3472 49
618 3416 660 3473 16

154 3519 283 3574 ferocior
318 3521 377 3576 tam
416 3539 509 3596 quam
545 3407 638 3601 Peibr
662 3407 795 3589 ]meiior
836 3527 888 3589 ai's
918 3521 1007 3584 Sfflss
1046 3518 1089 3573 'm
1121 3513 1171 3566 ὼ

72 3603 242 3658 5555551155
261 3623 354 3676 posse
373 3612 522 3693 proferri,
548 3616 757 3684 ferocioreis.
