2400 3824
133 161 197 226 108
314 161 521 215 Grammaticos
541 162 790 216 sntevorronionue
808 160 969 230 fragmenta

626 332 649 388 2

199 435 333 495 Cloatius
347 436 443 496 Verus
463 468 505 477 -
524 439 556 495 in
574 436 651 495 libro
672 439 778 512 quarto
799 431 977 515 scortorum
994 455 1013 495 a
1030 435 1151 497 Graecis

131 520 300 586 tractorum’
331 527 369 598 fr.
396 520 428 606 1]
463 527 632 584 faenerator
660 527 760 601 inquit
792 526 960 602 appellatus
992 528 1038 584 est
1066 527 1151 602 quusi

133 614 318 695 assuspirans
347 611 405 674 ἀπὸ
434 623 487 674 τοῦ
512 615 676 691 φαίνεσθαι
707 613 754 674 ἐπὶ
784 613 815 674 τὸ
846 613 1049 694 χρηστότερον,
1081 634 1151 690 quo-

131 705 213 762 niam
231 704 263 762 id
286 723 380 781 genus
403 705 557 763 hominum
581 705 709 780 speciem
732 706 882 764 ostentent
904 705 1104 763 humanitatis
1124 706 1152 762 et

105 793 278 852 soommodi
307 811 369 852 esse
392 793 552 852 videantur
574 793 713 869 inopibus
741 812 877 852 nummos
905 793 1152 867 desiderantibus,

131 883 220 957 idque
253 882 360 941 dixisse
394 884 437 940 ait
469 882 669 958 Hypsicraten
706 883 876 958 quempiam
892 929 894 932 ,
913 885 1152 960 grammaticum,

132 973 215 1029 ouius
245 971 315 1029 libri
342 990 412 1030 sane
442 971 556 1030 nobiles
587 975 657 1030 sunt
687 990 775 1047 super
802 971 857 1046 his,
890 991 966 1047 quae
990 990 1008 1029 a
1033 970 1151 1030 Graecis

133 1061 256 1136 accepto
279 1063 356 1118 sunt.

206 1158 273 1213 Geli.
288 1163 334 1224 16,
349 1162 393 1224 12,
408 1164 425 1213 5
439 1172 538 1214 cussus
552 1174 624 1213 virus
643 1160 689 1230 [fr.
700 1164 726 1212 2.
742 1163 766 1212 3.
777 1159 815 1230 4].
840 1159 985 1213 commode
999 1158 1071 1213 haec
1086 1173 1152 1212 sune

132 1229 227 1282 omnia
246 1232 275 1282 et
289 1230 484 1283 conducentur.
514 1231 673 1284 sedunum
688 1247 767 1292 quarto
782 1261 816 1269 —
831 1247 923 1292 aoeepu
936 1249 994 1284 sunt.
1023 1230 1082 1284 sive
1101 1231 1152 1283 hoo

132 1304 228 1355 autem
251 1301 312 1369 ipse
331 1300 456 1355 Cloatius
480 1302 536 1355 sive
551 1302 645 1356 nescio
665 1301 727 1368 quis
747 1301 820 1354 alius
838 1301 941 1355 nebulo
961 1300 1093 1368 effutivit,
1112 1301 1152 1354 ni-

131 1372 174 1425 hil
192 1374 286 1441 potest
305 1370 362 1426 dici
376 1372 518 1426 insulsius.
534 1405 567 1412 -
583 1373 619 1428 M.
635 1372 724 1427 Varro
743 1373 788 1443 [de
805 1389 883 1427 serrn
898 1373 963 1427 Lot.
978 1375 1036 1427 111
1046 1373 1083 1440 fr.
1099 1372 1151 1442 36].

131 1445 187 1498 sine
200 1445 266 1498 hoec
278 1444 383 1499 Gellius
397 1446 502 1512 abipso
514 1445 620 1500 Cloatio
633 1445 751 1512 sumpsit
764 1445 921 1514 (Mercllin,
931 1444 1028 1499 Fleelr.
1039 1444 1151 1499 Janrot.

131 1516 221 1583 suppl.
238 1519 262 1568 3.
293 1520 364 1569 1860
378 1534 408 1584 p.
425 1519 495 1581 649‚·
514 1517 709 1582 Kretsschuner,
726 1517 758 1570 de
774 1515 841 1570 Call.
857 1517 926 1583 font.
937 1533 967 1585 p.
984 1519 1009 1568 9.
1025 1517 1082 1584 49),
1100 1517 1153 1570 sine

133 1605 152 1640 a
177 1588 270 1641 Verrio
296 1587 421 1655 (Hosius,
442 1588 534 1656 praef.
558 1589 596 1641 ael
621 1587 689 1641 Cell.
707 1605 736 1656 p.
752 1587 836 1654 LII),
862 1604 947 1656 neque
972 1587 1099 1642 Cloatius
1122 1601 1152 1640 eu

139 1658 260 1711 Varrone
275 1659 393 1726 pendere
411 1659 520 1713 uidetur
536 1676 621 1727 neque
640 1660 728 1714 Varro
744 1675 758 1712 e
774 1659 894 1725 Cloatio;
912 1659 1031 1727 quodsi
1047 1660 1090 1713 ita
1108 1664 1151 1724 est,

133 1731 301 1799 Hypsicrati
317 1731 488 1784 uindicanda
502 1731 584 1784 etiam
597 1736 663 1784 sunt
680 1747 749 1798 quae
767 1737 878 1797 uterque
896 1731 1053 1784 communia
1066 1730 1151 1794 habet,

133 1802 165 1854 de
189 1802 205 1853 l.
222 1801 255 1854 L.
277 1805 302 1865 5,
317 1805 371 1855 102
397 1827 430 1845 =
458 1801 543 1856 Cloat.
567 1802 603 1867 fr.
620 1806 636 1854 5
641 1822 652 1868 ,·
684 1803 717 1854 ele
743 1802 759 1855 l.
784 1802 847 1855 Lat.
869 1805 895 1867 6,
910 1805 946 1856 96
971 1803 1035 1871 (ino.
1059 1802 1150 1855 iruert.

133 1874 194 1926 libr.
211 1873 263 1940 14.)
279 1899 312 1916 =
329 1872 415 1926 Cloat.
434 1873 469 1938 fr.
486 1877 510 1926 3.
870 1896 872 1898 ’

205 1943 320 2010 tqucsi
340 1961 390 1997 orn.
410 1945 502 1998 Paris.
532 1944 606 1997 Voss.
626 1943 691 1997 Lat.
710 1944 771 1998 Fr
857 1942 1036 1996 thominem
1061 1944 1149 1997 Paris.

133 2020 199 2067 nn1
225 2016 298 2069 Voss.
319 2016 389 2069 idern

573 2155 716 2210 DUBIUM

631 2275 651 2330 3

201 2377 400 2453 Hippocrates
423 2378 554 2436 medicus
574 2379 609 2436 de
632 2381 752 2438 nomine
775 2380 939 2439 inventoris
961 2378 993 2435 id
1017 2369 1146 2456 [aurun]

134 2467 247 2525 dictum
271 2469 368 2542 putat,
393 2487 480 2542 quem
503 2469 669 2526 vocitatum
692 2471 736 2527 ait
758 2469 881 2527 Aurion.

206 2566 288 2621 Paul.
308 2567 381 2620 Fest.
396 2584 426 2635 p.
443 2571 470 2632 8,
484 2571 520 2620 14
543 2584 642 2620 aarum
666 2566 773 2620 dictum
797 2567 864 2634 quis
886 2566 1039 2635 praecipue
1062 2565 1147 2619 custo

134 2637 223 2703 ditur;
242 2653 343 2706 graece
362 2638 437 2690 enim
456 2638 539 2705 ὠρεῖν
558 2637 699 2692 custodire
719 2639 830 2706 dicitur,
848 2638 923 2692 unde
940 2640 969 2692 ct
982 2637 1146 2691 thesaurum.

133 2723 283 2771 Hippocrates
298 2741 331 2748 -
346 2721 439 2763 lurion.

208 2787 220 2832 1
241 2780 424 2847 Hypsicrates
440 2797 493 2848 pro
512 2780 644 2848 Hippocr.
664 2798 711 2834 ern.
732 2781 802 2835 Soal.
828 2781 887 2835 Urs.

449 3039 492 3144 Q·
528 3039 841 3127 COSCONIUS

208 3212 231 3260 1.
252 3207 320 3275 quin
340 3207 370 3277 Q.
387 3209 533 3263 Cosconius
556 3209 628 3262 uitae
659 3209 777 3262 Terentii
800 3209 871 3262 idern
892 3210 930 3262 sit
956 3225 989 3263 ao
1008 3208 1151 3263 Cosconius

141 3279 276 3332 Varronis
294 3279 326 3332 ele
345 3280 361 3332 l.
381 3279 430 3345 L.‚
454 3280 579 3333 dubitari
596 3296 653 3332 non
669 3285 770 3348 potest;
794 3296 860 3333 nan
883 3281 942 3334 eius
964 3281 1094 3334 memoria
1116 3277 1152 3332 ad

135 3349 249 3402 eundern
263 3355 400 3405 auctorem
415 3351 564 3404 Varronem
582 3351 654 3404 rectit
672 3351 715 3419 (os.
732 3351 855 3405 adhunc
868 3351 904 3417 fr.
920 3352 992 3421 301).
1030 3352 1152 3422 isiyr'tur

127 3420 173 3470 ad
189 3427 307 3475 aetatem
330 3423 596 3477 unteourronionarn
615 3424 741 3492 pertinet.
774 3423 898 3477 universe
921 3422 956 3488 of.
975 3422 1100 3488 Norden,
1122 3421 1153 3476 de

109 3487 176 3540 Stel
191 3491 303 3548 Coseon.
326 3493 407 3552 Varr.
421 3514 541 3569 prorum.
557 3494 749 3552 commentatio
764 3493 942 3565 lGreltsualrl
950 3495 1049 3562 1896&
1064 3493 1153 3559 Coats,

95 3555 212 3629 Paua·
225 3562 308 3621 Wus.
332 3570 443 3639 ans,
466 3570 613 3646 rooofrr.
