2400 3824
129 186 195 250 528
300 186 507 241 Grammaticae
527 188 629 240 aetatis
648 187 810 256 Augusteae
829 187 991 256 fragments

416 400 465 453 DE
485 400 655 454 VERGILIO
675 399 865 454 LIBRORUM

202 527 270 594 enin
295 527 388 580 Iulias
413 527 546 596 Hypinns
572 527 702 580 librornm
728 526 759 578 dc
783 526 902 594 Verpdio
927 525 1047 594 scriptor
1075 525 1151 594 (Geli.

130 599 165 665 fr.
182 598 209 665 3)
228 604 253 651 et
266 599 399 669 Hypinas
417 598 458 666 (in
473 599 593 651 lemmate
609 598 713 651 ‘Iaitas
726 597 881 667 Hypinns’)
897 599 1153 651 commentariorum

130 669 168 722 ad
192 669 341 739 Verpdinm
360 669 439 737 (Gerr.
459 669 495 734 fr.
515 671 541 737 4)
565 685 639 722 anns
665 669 787 737 idemque
808 671 886 723 leonio
909 669 958 733 sit,
982 669 1065 722 nnita
1088 669 1153 721 miti

131 741 268 794 dubitatio
288 747 326 794 est
345 741 389 809 (cf.
408 741 444 806 fr.
464 744 481 794 6
498 738 681 808 reprehendit
698 739 786 793 Iulius
804 739 943 809 Hyginus,
963 739 1000 806 fr.
1021 743 1039 793 7
1062 755 1152 808 repre-

130 811 231 863 hendit
240 811 369 881 Hyginus
384 812 416 865 de
427 811 545 882 Verpitio
554 818 667 880 atroque
677 813 708 864 in
718 813 793 880 ioco),
805 813 854 879 qni
865 812 923 864 sine
936 812 1021 864 dnbio
1031 811 1152 880 Ampasti

132 884 243 937 libertas
261 890 300 937 est
318 883 361 951 (es.
378 884 470 936 Bnnte
485 885 502 936 1.
518 899 538 936 c.
551 899 580 950 p.
596 887 629 936 31
640 884 698 952 sn),
718 884 779 937 licet
797 883 885 936 denae
902 883 1052 936 recentiori
1070 888 1152 935 anate

131 955 254 1024 Boreios
277 956 357 1008 aliter
379 955 479 1008 sentiat
503 955 544 1023 (de
563 961 672 1022 tempor.
692 955 791 1021 qaibns
810 955 885 1023 Vere.
904 953 1033 1024 peorpica
1051 955 1152 1022 scripta

131 1032 156 1079 et
177 1027 250 1092 perf.
274 1026 338 1079 sint.
362 1026 430 1078 Hal.
455 1026 520 1080 San.
536 1029 609 1079 1875
631 1043 660 1092 p.
679 1029 718 1080 28
744 1025 809 1078 adn.
829 1027 888 1094 57),
914 1025 963 1093 qai
987 1026 1152 1079 omecnndae

132 1098 244 1166 Hirpini
265 1097 297 1150 in
321 1097 470 1166 Verpitiam
492 1097 694 1150 obtrectationis
717 1097 817 1151 oblitas
840 1096 1151 1165 (Gett.10,16,1.11.

132 1172 169 1222 18
184 1194 217 1212 =
232 1169 267 1235 fr.
289 1170 364 1236 7sq.)
383 1169 414 1220 in
437 1170 494 1222 nita
513 1168 622 1222 Donati
644 1168 716 1222 inter
734 1168 849 1236 pntidos
871 1168 1067 1222 bonrnnciones
1090 1167 1151 1221 Ver·

131 1240 195 1309 pilii
206 1240 393 1293 obtrectatores
402 1239 548 1309 Hypinnm
558 1241 699 1293 nominari
709 1239 829 1294 debuisse
839 1245 931 1307 putat.
957 1240 1024 1292 libri
1036 1239 1151 1306 inscrip-

133 1313 234 1364 tionem
253 1310 360 1364 idoneis
382 1312 549 1380 arpamentis
568 1311 756 1365 Kretzsctmer
774 1311 915 1364 constitnit
933 1311 976 1378 (de
996 1310 1066 1364 aeti.
1085 1312 1151 1376 font.

127 1399 158 1452 p.
174 1385 217 1434 17.
239 1386 283 1434 77.
303 1385 363 1451 81)·
386 1399 432 1452 epo
455 1399 547 1436 reram
565 1383 765 1451 propriamque
785 1381 823 1435 ad
850 1382 998 1451 Verpiliam
1023 1398 1151 1436 commcn-

132 1453 236 1506 teriam
253 1455 338 1519 faisse
356 1455 404 1507 ria
418 1454 577 1507 crediderim
594 1455 638 1522 (cf.
650 1455 744 1507 Bante
754 1471 783 1521 p.
793 1456 831 1506 29
838 1469 875 1520 sq.
905 1453 1026 1507 Ribbeck
1040 1470 1070 1521 p.
1082 1455 1152 1521 117).

132 1525 196 1576 linic
213 1526 361 1578 sententiae
386 1541 420 1577 ne
442 1524 473 1578 id
498 1524 606 1592 qnidem
630 1526 712 1591 facet,
735 1525 807 1592 qaod
833 1525 938 1579 Gillias
961 1526 1078 1593 <10,16)
1103 1531 1152 1578 tres

132 1596 252 1649 einsdem
279 1596 415 1649 Aeneidos
443 1596 508 1649 libri
535 1598 605 1649 iocos
632 1597 678 1649 sed
706 1612 749 1650 eos
776 1611 832 1649 non
859 1597 1004 1650 continnos
1033 1597 1067 1664 (o.
1090 1599 1150 1650 365.

133 1669 195 1720 122.
216 1671 273 1721 633
293 1667 357 1721 iibri
377 1668 429 1734 VI)
448 1673 578 1720 memorat
596 1668 742 1737 Hypinam
760 1667 906 1733 manifesto
924 1673 1041 1721 scentas.

592 1811 613 1866 3
638 1802 686 1887 [5]

201 1917 249 1973 tib.
264 1916 322 1974 IV.
357 1934 444 1990 quse
467 1915 594 1974 bidens
618 1918 672 1973 est
694 1915 828 1989 hostie,
852 1917 999 1990 oportet
1023 1916 1152 1974 hebeat

135 2004 262 2063 dentes
287 2008 379 2078 octo,
408 2005 469 2063 sed
493 2025 532 2063 ex
555 2005 610 2063 his
639 2005 705 2063 duo
734 2006 866 2064 ceteris
895 2004 1066 2079 altiores,
1094 2025 1151 2080 per

135 2112 222 2169 quos
247 2096 421 2168 appareat
444 2113 483 2152 ex
506 2096 641 2152 minore
666 2095 786 2152 aetate
809 2095 845 2150 in
863 2095 1035 2152 maiorem
1055 2097 1150 2152 tren·

134 2182 327 2241 scendisse.

208 2280 275 2334 Geli.
292 2285 334 2347 16,
349 2285 374 2346 6,
389 2285 424 2334 14
442 2280 571 2350 Hyginus
587 2283 684 2334 temen
697 2279 785 2333 Iulius
800 2312 833 2320 -
848 2280 878 2332 in
893 2282 995 2347 questo
1009 2281 1150 2349 librorum,

134 2367 204 2418 ques
224 2352 259 2404 de
273 2351 399 2420 Vergilio
418 2351 495 2420 iecit,
515 2352 644 2405 bidentes
659 2351 797 2420 appellari
814 2352 927 2420 scripsit
944 2352 1062 2419 hostius,
1082 2368 1150 2421 quae

134 2438 185 2493 per
203 2425 326 2476 aetutem
345 2423 414 2476 duos
438 2424 536 2476 dentes
560 2423 675 2476 altiores
699 2423 842 2476 heberent.
881 2423 966 2476 verbe
991 2423 1070 2477 illius
1092 2424 1151 2493 ipss

135 2494 230 2562 posui:
250 2520 307 2556 quse
321 2510 342 2548 b.
358 2511 391 2549 est
408 2494 501 2563 inquit
519 2509 593 2549 hostis
606 2528 633 2534 -
646 2509 813 2549 transcendisse.
841 2495 911 2548 haee
930 2494 1038 2563 Hygini
1058 2496 1150 2565 opinio

135 2581 171 2618 sn
194 2582 262 2618 vers
285 2566 334 2632 sit,
360 2583 417 2619 non
443 2566 616 2636 argumentis
643 2566 692 2620 sed
718 2565 806 2619 oculis
832 2564 920 2620 videri
945 2568 1049 2634 potest.
1090 2568 1151 2621 Ma-

136 2638 205 2690 crob.
226 2642 252 2703 6,
272 2642 298 2704 9,
319 2641 335 2690 7
353 2637 482 2707 Hyginus
501 2640 595 2691 temen
615 2669 647 2677 -
667 2639 697 2690 in
716 2637 814 2706 quinto
836 2637 887 2708 [ita
907 2654 997 2692 errore
1016 2639 1151 2708 Macrob.]

134 2707 281 2775 librorum,
308 2725 378 2777 quos
404 2709 438 2762 de
461 2709 587 2776 Vergilio
613 2708 693 2775 fecit,
720 2708 848 2762 bidentes
875 2707 1013 2776 appellari
1042 2709 1153 2778 scripsit

134 2779 255 2846 hostias,
275 2796 348 2848 quae
370 2798 421 2849 per
440 2782 563 2833 aetatem
582 2780 652 2836 duos
672 2781 769 2834 dentes
793 2778 907 2833 altiores
931 2780 1082 2846 heberent,
1105 2798 1153 2850 per

135 2866 205 2917 quos
230 2867 264 2904 ex
287 2851 394 2905 minore
417 2850 447 2904 in
469 2852 604 2906 maiorem
626 2851 833 2904 transcendisse
857 2853 998 2904 constaret
1021 2853 1153 2906 aetatem.

135 2923 168 2977 dc
181 2940 210 2975 re
220 2924 255 2988 cf.
265 2924 332 2992 Nip.
344 2923 408 2993 Fip.
419 2925 454 2990 fr.
466 2927 510 2977 39.
530 2925 612 2976 Pani.
625 2923 696 2978 Fest.
707 2927 827 2992 11417.
843 2927 940 2988 33,10.
956 2926 1001 2988 35,
1011 2927 1037 2976 2.
1055 2929 1153 2990 66,16.

135 2993 208 3047 Serv.
228 2995 296 3047 Aen.
316 2998 342 3060 4,
357 2998 400 3048 57.
417 2999 443 3060 6,
458 2999 500 3049 39.
523 2995 597 3050 Non.
609 3012 639 3064 p.
655 2999 756 3060 53,13.
780 2993 848 3048 Isid.
863 3011 901 3048 or.
917 2997 960 3059 12,
978 3000 1001 3060 1,
1017 2998 1042 3048 9.
1068 2995 1154 3050 Sciret.

136 3065 168 3115 in
191 3065 299 3118 Laean.
319 3071 344 3131 1,
360 3070 436 3118 607:
467 3067 597 3120 Ps-Acro
621 3067 690 3120 Hor.
715 3069 960 3132 1111132314.
1000 3065 1087 3120 OGL
1112 3067 1159 3122 IV

137 3139 200 3202 529,
216 3140 259 3189 rs.
285 3137 311 3189 V
327 3140 389 3203 172,
404 3140 448 3191 ss.
469 3142 532 3202 ors,
546 3141 591 3191 29.

208 3249 223 3296 2
242 3242 278 3296 iis
297 3245 427 3297 nonnnlii
444 3245 520 3298 codd.
612 3244 681 3296 duos
701 3245 793 3298 Paris.

596 3387 615 3442 4
657 3389 674 3443 1

206 3509 307 3548 versus
339 3492 411 3550 istos
445 3511 479 3549 er
511 3379 657 3568 georgicib
677 3379 814 3568 ]Vergilii
847 3486 890 3571 [2,
906 3487 985 3572 246]
1018 3494 1158 3571 plerique

67 3580 146 3600 ““·
171 3599 233 3642 mes
263 3583 307 3643 sio
337 3580 459 3664 legunt:
491 3575 541 3641 ‘st
570 3599 657 3657 seper
685 3581 830 3639 indicium
857 3582 948 3641 feriet
977 3585 1158 3645 manifestus
