<?xml version="1.0" encoding="UTF-8"?>
<!DOCTYPE html PUBLIC "-//W3C//DTD XHTML 1.0 Transitional//EN"
    "http://www.w3.org/TR/xhtml1/DTD/xhtml1-transitional.dtd">
<html xmlns="http://www.w3.org/1999/xhtml" xml:lang="en" lang="en">
 <head>
  <title>
</title>
<meta http-equiv="Content-Type" content="text/html;charset=utf-8" />
  <meta name='ocr-system' content='tesseract 3.04.00' />
  <meta name='ocr-capabilities' content='ocr_page ocr_carea ocr_par ocr_line ocrx_word'/>
</head>
<body>
  <div class='ocr_page' id='page_1' title='image "./grammaticaeroma02funagoog_0508.png"; bbox 0 0 2400 3824; ppageno 0'>
   <div class='ocr_carea' id='block_1_1' title="bbox 432 145 1084 373">
    <p class='ocr_par' dir='ltr' id='par_1_1' title="bbox 432 145 1084 373">
     <span class='ocr_line' id='line_1_1' title="bbox 432 145 1084 217; baseline -0.002 -16"><span class='ocrx_word' id='word_1_1' title='bbox 432 145 594 201; x_wconf 78' lang='lat' dir='ltr'><strong>Comifieius</strong></span> <span class='ocrx_word' id='word_1_2' title='bbox 613 146 725 217; x_wconf 80' lang='lat' dir='ltr'><strong>Longus</strong></span> <span class='ocrx_word' id='word_1_3' title='bbox 1019 146 1084 212; x_wconf 78' lang='grc'><strong>475</strong></span> 
     </span>
     <span class='ocr_line' id='line_1_2' title="bbox 565 234 1002 373; baseline -0.002 -85"><span class='ocrx_word' id='word_1_4' title='bbox 565 319 583 373; x_wconf 83' lang='lat'><strong><em>1</em></strong></span> <span class='ocrx_word' id='word_1_5' title='bbox 985 234 1002 287; x_wconf 66' lang='lat' dir='ltr'><strong>t</strong></span> 
     </span>
    </p>
   </div>
   <div class='ocr_carea' id='block_1_2' title="bbox 71 420 1085 589">
    <p class='ocr_par' dir='ltr' id='par_1_2' title="bbox 71 420 1085 589">
     <span class='ocr_line' id='line_1_3' title="bbox 137 420 1085 499; baseline 0.005 -19"><span class='ocrx_word' id='word_1_6' title='bbox 137 422 227 483; x_wconf 73' lang='lat' dir='ltr'><strong>aaz.</strong></span> <span class='ocrx_word' id='word_1_7' title='bbox 264 423 355 499; x_wconf 88' lang='lat' dir='ltr'><strong>ipsis</strong></span> <span class='ocrx_word' id='word_1_8' title='bbox 374 441 456 481; x_wconf 87' lang='lat' dir='ltr'><strong>vero</strong></span> <span class='ocrx_word' id='word_1_9' title='bbox 476 421 519 480; x_wconf 91' lang='lat' dir='ltr'><strong>ad</strong></span> <span class='ocrx_word' id='word_1_10' title='bbox 534 420 674 482; x_wconf 84' lang='lat' dir='ltr'><strong>Cereris</strong></span> <span class='ocrx_word' id='word_1_11' title='bbox 691 422 882 481; x_wconf 79' lang='lat' dir='ltr'><strong>memoriae</strong></span> <span class='ocrx_word' id='word_1_12' title='bbox 900 423 1085 484; x_wconf 87' lang='lat' dir='ltr'><strong>navandae</strong></span> 
     </span>
     <span class='ocr_line' id='line_1_4' title="bbox 71 512 574 589; baseline -0.004 -18"><span class='ocrx_word' id='word_1_13' title='bbox 71 513 191 589; x_wconf 83' lang='lat' dir='ltr'><strong>gratia</strong></span> <span class='ocrx_word' id='word_1_14' title='bbox 213 512 329 571; x_wconf 84' lang='lat' dir='ltr'><strong>leatus</strong></span> <span class='ocrx_word' id='word_1_15' title='bbox 353 514 574 570; x_wconf 79' lang='lat' dir='ltr'><strong>sternuntur.</strong></span> 
     </span>
    </p>
   </div>
   <div class='ocr_carea' id='block_1_3' title="bbox 71 609 1084 750">
    <p class='ocr_par' dir='ltr' id='par_1_3' title="bbox 71 609 1084 750">
     <span class='ocr_line' id='line_1_5' title="bbox 140 609 1084 679; baseline 0.001 -14"><span class='ocrx_word' id='word_1_16' title='bbox 140 612 227 665; x_wconf 76' lang='lat' dir='ltr'><strong>Prt&#39;sa</strong></span> <span class='ocrx_word' id='word_1_17' title='bbox 238 627 268 678; x_wconf 78' lang='lat' dir='ltr'><strong>p.</strong></span> <span class='ocrx_word' id='word_1_18' title='bbox 283 613 349 676; x_wconf 76' lang='lat'><em>257,</em></span> <span class='ocrx_word' id='word_1_19' title='bbox 364 614 381 664; x_wconf 88' lang='lat'><em>5</em></span> <span class='ocrx_word' id='word_1_20' title='bbox 396 609 482 664; x_wconf 78' lang='lat' dir='ltr'><strong>eiiam</strong></span> <span class='ocrx_word' id='word_1_21' title='bbox 495 609 578 663; x_wconf 85' lang='lat' dir='ltr'><strong>huius</strong></span> <span class='ocrx_word' id='word_1_22' title='bbox 593 609 683 663; x_wconf 83' lang='lat' dir='ltr'><strong>leatus</strong></span> <span class='ocrx_word' id='word_1_23' title='bbox 698 609 887 678; x_wconf 76' lang='lat' dir='ltr'><strong>antiquissimi</strong></span> <span class='ocrx_word' id='word_1_24' title='bbox 900 609 1084 679; x_wconf 75' lang='lat' dir='ltr'><strong>protulerunt.</strong></span> 
     </span>
     <span class='ocr_line' id='line_1_6' title="bbox 71 681 895 750; baseline 0 -15"><span class='ocrx_word' id='word_1_25' title='bbox 71 681 233 736; x_wconf 82' lang='lat' dir='ltr'><strong>Cornificius</strong></span> <span class='ocrx_word' id='word_1_26' title='bbox 251 681 282 735; x_wconf 91' lang='lat' dir='ltr'><strong>in</strong></span> <span class='ocrx_word' id='word_1_27' title='bbox 300 681 313 735; x_wconf 96' lang='lat' dir='ltr'>I</span> <span class='ocrx_word' id='word_1_28' title='bbox 332 681 366 734; x_wconf 86' lang='lat' dir='ltr'><strong>de</strong></span> <span class='ocrx_word' id='word_1_29' title='bbox 386 681 488 750; x_wconf 80' lang='lat' dir='ltr'><strong>etymis</strong></span> <span class='ocrx_word' id='word_1_30' title='bbox 507 681 633 735; x_wconf 88' lang='lat' dir='ltr'><strong>deorum:</strong></span> <span class='ocrx_word' id='word_1_31' title='bbox 652 694 706 743; x_wconf 72' lang='lat' dir='ltr'><strong>lpas</strong></span> <span class='ocrx_word' id='word_1_32' title='bbox 719 713 746 720; x_wconf 99' lang='lat'>-</span> <span class='ocrx_word' id='word_1_33' title='bbox 760 699 895 735; x_wconf 70' lang='lat' dir='ltr'><strong>numanam.</strong></span> 
     </span>
    </p>
   </div>
   <div class='ocr_carea' id='block_1_4' title="bbox 141 788 1085 859">
    <p class='ocr_par' dir='ltr' id='par_1_4' title="bbox 141 788 1085 859">
     <span class='ocr_line' id='line_1_7' title="bbox 141 788 1085 859; baseline 0 -17"><span class='ocrx_word' id='word_1_34' title='bbox 141 795 157 842; x_wconf 77' lang='lat'>2</span> <span class='ocrx_word' id='word_1_35' title='bbox 172 789 264 858; x_wconf 81' lang='lat' dir='ltr'><strong>gralia</strong></span> <span class='ocrx_word' id='word_1_36' title='bbox 278 789 363 843; x_wconf 79' lang='lat' dir='ltr'><strong>Besa.</strong></span> <span class='ocrx_word' id='word_1_37' title='bbox 375 789 537 859; x_wconf 68' lang='lat' dir='ltr'><strong>Lapat-Bal.</strong></span> <span class='ocrx_word' id='word_1_38' title='bbox 550 789 638 844; x_wconf 85' lang='lat' dir='ltr'><strong>Oarot.</strong></span> <span class='ocrx_word' id='word_1_39' title='bbox 657 788 779 858; x_wconf 83' lang='lat' dir='ltr'><strong>gratiam</strong></span> <span class='ocrx_word' id='word_1_40' title='bbox 792 789 834 843; x_wconf 84' lang='lat' dir='ltr'><strong>vel</strong></span> <span class='ocrx_word' id='word_1_41' title='bbox 851 789 926 842; x_wconf 84' lang='lat' dir='ltr'><strong>-tiae</strong></span> <span class='ocrx_word' id='word_1_42' title='bbox 941 788 1014 859; x_wconf 61' lang='lat' dir='ltr'><strong>(die)</strong></span> <span class='ocrx_word' id='word_1_43' title='bbox 1027 789 1085 842; x_wconf 84' lang='lat' dir='ltr'><strong>rell.</strong></span> 
     </span>
    </p>
   </div>
   <div class='ocr_carea' id='block_1_5' title="bbox 564 942 586 999">
    <p class='ocr_par' dir='ltr' id='par_1_5' title="bbox 564 942 586 999">
     <span class='ocr_line' id='line_1_8' title="bbox 564 942 586 999; baseline 0 0"><span class='ocrx_word' id='word_1_44' title='bbox 564 942 586 999; x_wconf 83' lang='lat'><em>2</em></span> 
     </span>
    </p>
   </div>
   <div class='ocr_carea' id='block_1_6' title="bbox 70 1040 1087 1195">
    <p class='ocr_par' dir='ltr' id='par_1_6' title="bbox 70 1040 1087 1195">
     <span class='ocr_line' id='line_1_9' title="bbox 136 1040 1087 1130; baseline -0.003 -24"><span class='ocrx_word' id='word_1_45' title='bbox 136 1049 155 1130; x_wconf 36' lang='lat' dir='ltr'><strong>li</strong></span> <span class='ocrx_word' id='word_1_46' title='bbox 174 1047 241 1105; x_wconf 92' lang='grc' dir='ltr'><strong>ΙΠ.</strong></span> <span class='ocrx_word' id='word_1_47' title='bbox 289 1046 412 1107; x_wconf 82' lang='lat' dir='ltr'><strong>Oioero</strong></span> <span class='ocrx_word' id='word_1_48' title='bbox 444 1041 493 1126; x_wconf 82' lang='lat' dir='ltr'><strong>[de</strong></span> <span class='ocrx_word' id='word_1_49' title='bbox 514 1051 575 1107; x_wconf 83' lang='lat' dir='ltr'><strong>aat.</strong></span> <span class='ocrx_word' id='word_1_50' title='bbox 598 1048 625 1106; x_wconf 82' lang='lat' dir='ltr'><strong>d.</strong></span> <span class='ocrx_word' id='word_1_51' title='bbox 650 1049 680 1115; x_wconf 82' lang='lat'><strong>2,</strong></span> <span class='ocrx_word' id='word_1_52' title='bbox 698 1040 753 1126; x_wconf 82' lang='lat'><strong>67]</strong></span> <span class='ocrx_word' id='word_1_53' title='bbox 781 1064 850 1106; x_wconf 89' lang='lat' dir='ltr'><strong>non</strong></span> <span class='ocrx_word' id='word_1_54' title='bbox 872 1046 1000 1106; x_wconf 90' lang='lat' dir='ltr'><strong>Ianum</strong></span> <span class='ocrx_word' id='word_1_55' title='bbox 1026 1045 1087 1106; x_wconf 88' lang='lat' dir='ltr'><strong>sed</strong></span> 
     </span>
     <span class='ocr_line' id='line_1_10' title="bbox 70 1135 600 1195; baseline -0.004 -1"><span class='ocrx_word' id='word_1_56' title='bbox 70 1138 205 1195; x_wconf 83' lang='lat' dir='ltr'><strong>Eanum</strong></span> <span class='ocrx_word' id='word_1_57' title='bbox 227 1135 390 1195; x_wconf 80' lang='lat' dir='ltr'><strong>nominat</strong></span> <span class='ocrx_word' id='word_1_58' title='bbox 413 1136 454 1195; x_wconf 88' lang='lat' dir='ltr'><strong>ab</strong></span> <span class='ocrx_word' id='word_1_59' title='bbox 479 1136 600 1195; x_wconf 91' lang='lat' dir='ltr'><strong>eundo.</strong></span> 
     </span>
    </p>
   </div>
   <div class='ocr_carea' id='block_1_7' title="bbox 69 1233 1088 2015">
    <p class='ocr_par' dir='ltr' id='par_1_7' title="bbox 69 1233 1088 2015">
     <span class='ocr_line' id='line_1_11' title="bbox 142 1233 1088 1302; baseline -0.002 -12"><span class='ocrx_word' id='word_1_60' title='bbox 142 1236 266 1290; x_wconf 83' lang='lat' dir='ltr'><strong>Maerob.</strong></span> <span class='ocrx_word' id='word_1_61' title='bbox 282 1240 308 1300; x_wconf 87' lang='lat'><strong>1,</strong></span> <span class='ocrx_word' id='word_1_62' title='bbox 322 1239 348 1302; x_wconf 81' lang='lat'><strong>9,</strong></span> <span class='ocrx_word' id='word_1_63' title='bbox 364 1240 398 1289; x_wconf 85' lang='lat'><strong>11</strong></span> <span class='ocrx_word' id='word_1_64' title='bbox 417 1234 467 1288; x_wconf 88' lang='lat' dir='ltr'><strong>alii</strong></span> <span class='ocrx_word' id='word_1_65' title='bbox 485 1234 621 1288; x_wconf 90' lang='lat' dir='ltr'><strong>mnndum</strong></span> <span class='ocrx_word' id='word_1_66' title='bbox 640 1234 670 1287; x_wconf 90' lang='lat' dir='ltr'><strong>id</strong></span> <span class='ocrx_word' id='word_1_67' title='bbox 684 1235 727 1288; x_wconf 80' lang='lat' dir='ltr'><strong>est</strong></span> <span class='ocrx_word' id='word_1_68' title='bbox 741 1234 851 1288; x_wconf 88' lang='lat' dir='ltr'><strong>eaelum</strong></span> <span class='ocrx_word' id='word_1_69' title='bbox 865 1250 926 1288; x_wconf 85' lang='lat' dir='ltr'><strong>esse</strong></span> <span class='ocrx_word' id='word_1_70' title='bbox 940 1233 1088 1289; x_wconf 79' lang='lat' dir='ltr'><strong>voluerunt</strong></span> 
     </span>
     <span class='ocr_line' id='line_1_12' title="bbox 69 1305 1087 1374; baseline 0 -15"><span class='ocrx_word' id='word_1_71' title='bbox 69 1307 224 1374; x_wconf 88' lang='lat' dir='ltr'><strong>Ianumque</strong></span> <span class='ocrx_word' id='word_1_72' title='bbox 243 1306 278 1359; x_wconf 93' lang='lat' dir='ltr'><strong>ab</strong></span> <span class='ocrx_word' id='word_1_73' title='bbox 298 1307 389 1360; x_wconf 91' lang='lat' dir='ltr'><strong>eundo</strong></span> <span class='ocrx_word' id='word_1_74' title='bbox 409 1306 524 1372; x_wconf 81' lang='lat' dir='ltr'><strong>dietum,</strong></span> <span class='ocrx_word' id='word_1_75' title='bbox 544 1306 619 1374; x_wconf 90' lang='lat' dir='ltr'><strong>quod</strong></span> <span class='ocrx_word' id='word_1_76' title='bbox 637 1307 758 1359; x_wconf 88' lang='lat' dir='ltr'><strong>mundus</strong></span> <span class='ocrx_word' id='word_1_77' title='bbox 778 1321 887 1374; x_wconf 85' lang='lat' dir='ltr'><strong>semper</strong></span> <span class='ocrx_word' id='word_1_78' title='bbox 901 1308 955 1374; x_wconf 79' lang='lat' dir='ltr'><strong>eat,</strong></span> <span class='ocrx_word' id='word_1_79' title='bbox 975 1306 1043 1358; x_wconf 92' lang='lat' dir='ltr'><strong>dum</strong></span> <span class='ocrx_word' id='word_1_80' title='bbox 1056 1305 1087 1359; x_wconf 94' lang='lat' dir='ltr'><strong>in</strong></span> 
     </span>
     <span class='ocr_line' id='line_1_13' title="bbox 70 1375 1087 1444; baseline -0.002 -12"><span class='ocrx_word' id='word_1_81' title='bbox 70 1380 166 1432; x_wconf 88' lang='lat' dir='ltr'><strong>orbem</strong></span> <span class='ocrx_word' id='word_1_82' title='bbox 185 1377 305 1432; x_wconf 79' lang='lat' dir='ltr'><strong>volvitur</strong></span> <span class='ocrx_word' id='word_1_83' title='bbox 324 1379 352 1430; x_wconf 87' lang='lat' dir='ltr'><strong>et</strong></span> <span class='ocrx_word' id='word_1_84' title='bbox 376 1395 409 1430; x_wconf 83' lang='lat' dir='ltr'><strong>ex</strong></span> <span class='ocrx_word' id='word_1_85' title='bbox 432 1393 462 1430; x_wconf 89' lang='lat' dir='ltr'><strong>se</strong></span> <span class='ocrx_word' id='word_1_86' title='bbox 484 1377 598 1430; x_wconf 78' lang='lat' dir='ltr'><strong>initium</strong></span> <span class='ocrx_word' id='word_1_87' title='bbox 621 1376 727 1432; x_wconf 83' lang='lat' dir='ltr'><strong>faciens</strong></span> <span class='ocrx_word' id='word_1_88' title='bbox 750 1377 781 1430; x_wconf 92' lang='lat' dir='ltr'><strong>in</strong></span> <span class='ocrx_word' id='word_1_89' title='bbox 805 1393 835 1430; x_wconf 87' lang='lat' dir='ltr'><strong>ee</strong></span> <span class='ocrx_word' id='word_1_90' title='bbox 857 1375 988 1444; x_wconf 64' lang='lat' dir='ltr'><strong>refertum</strong></span> <span class='ocrx_word' id='word_1_91' title='bbox 1011 1377 1087 1431; x_wconf 89' lang='lat' dir='ltr'><strong>unde</strong></span> 
     </span>
     <span class='ocr_line' id='line_1_14' title="bbox 70 1448 1087 1516; baseline -0.001 -12"><span class='ocrx_word' id='word_1_92' title='bbox 70 1453 99 1504; x_wconf 86' lang='lat' dir='ltr'><strong>et</strong></span> <span class='ocrx_word' id='word_1_93' title='bbox 118 1448 279 1504; x_wconf 84' lang='lat' dir='ltr'><strong>Comifieiue</strong></span> <span class='ocrx_word' id='word_1_94' title='bbox 304 1451 460 1516; x_wconf 80' lang='lat' dir='ltr'><strong>etymorum</strong></span> <span class='ocrx_word' id='word_1_95' title='bbox 483 1448 555 1502; x_wconf 92' lang='lat' dir='ltr'><strong>libro</strong></span> <span class='ocrx_word' id='word_1_96' title='bbox 578 1448 675 1503; x_wconf 84' lang='lat' dir='ltr'><strong>tertio:</strong></span> <span class='ocrx_word' id='word_1_97' title='bbox 700 1461 777 1503; x_wconf 75' lang='lat' dir='ltr'><strong>cicero</strong></span> <span class='ocrx_word' id='word_1_98' title='bbox 795 1449 889 1516; x_wconf 82' lang='lat' dir='ltr'><strong>inquit</strong></span> <span class='ocrx_word' id='word_1_99' title='bbox 906 1473 953 1503; x_wconf 83' lang='lat' dir='ltr'><strong>non</strong></span> <span class='ocrx_word' id='word_1_100' title='bbox 965 1481 992 1489; x_wconf 98' lang='lat'>-</span> <span class='ocrx_word' id='word_1_101' title='bbox 1006 1462 1087 1503; x_wconf 78' lang='lat' dir='ltr'><strong>eundo.</strong></span> 
     </span>
     <span class='ocr_line' id='line_1_15' title="bbox 71 1519 1087 1589; baseline -0.002 -15"><span class='ocrx_word' id='word_1_102' title='bbox 71 1522 136 1575; x_wconf 86' lang='lat' dir='ltr'><strong>hino</strong></span> <span class='ocrx_word' id='word_1_103' title='bbox 156 1523 184 1574; x_wconf 80' lang='lat' dir='ltr'><strong>et</strong></span> <span class='ocrx_word' id='word_1_104' title='bbox 202 1520 355 1574; x_wconf 81' lang='lat' dir='ltr'>Phoenices</span> <span class='ocrx_word' id='word_1_105' title='bbox 374 1520 404 1572; x_wconf 92' lang='lat' dir='ltr'><strong>in</strong></span> <span class='ocrx_word' id='word_1_106' title='bbox 424 1520 509 1572; x_wconf 89' lang='lat' dir='ltr'><strong>saeris</strong></span> <span class='ocrx_word' id='word_1_107' title='bbox 528 1519 681 1589; x_wconf 87' lang='lat' dir='ltr'><strong>imaginem</strong></span> <span class='ocrx_word' id='word_1_108' title='bbox 700 1520 759 1573; x_wconf 88' lang='lat' dir='ltr'><strong>eius</strong></span> <span class='ocrx_word' id='word_1_109' title='bbox 779 1519 965 1588; x_wconf 74' lang='lat' dir='ltr'><strong>exprimentes</strong></span> <span class='ocrx_word' id='word_1_110' title='bbox 989 1520 1087 1573; x_wconf 87' lang='lat' dir='ltr'><strong>draeo-</strong></span> 
     </span>
     <span class='ocr_line' id='line_1_16' title="bbox 70 1591 1086 1658; baseline -0.001 -13"><span class='ocrx_word' id='word_1_111' title='bbox 70 1609 133 1651; x_wconf 88' lang='lat' dir='ltr'><strong>nem</strong></span> <span class='ocrx_word' id='word_1_112' title='bbox 148 1593 288 1645; x_wconf 83' lang='lat' dir='ltr'><strong>finxernnt</strong></span> <span class='ocrx_word' id='word_1_113' title='bbox 301 1592 331 1644; x_wconf 93' lang='lat' dir='ltr'><strong>in</strong></span> <span class='ocrx_word' id='word_1_114' title='bbox 346 1592 442 1645; x_wconf 89' lang='lat' dir='ltr'><strong>orbem</strong></span> <span class='ocrx_word' id='word_1_115' title='bbox 455 1591 600 1644; x_wconf 83' lang='lat' dir='ltr'><strong>redactum</strong></span> <span class='ocrx_word' id='word_1_116' title='bbox 615 1591 789 1658; x_wconf 88' lang='lat' dir='ltr'><strong>caudamque</strong></span> <span class='ocrx_word' id='word_1_117' title='bbox 803 1609 883 1644; x_wconf 90' lang='lat' dir='ltr'><strong>suam</strong></span> <span class='ocrx_word' id='word_1_118' title='bbox 898 1591 1086 1658; x_wconf 70' lang='lat' dir='ltr'><strong>devorantem,</strong></span> 
     </span>
     <span class='ocr_line' id='line_1_17' title="bbox 70 1661 1087 1732; baseline -0.001 -16"><span class='ocrx_word' id='word_1_119' title='bbox 70 1667 102 1716; x_wconf 83' lang='lat' dir='ltr'><strong>ut</strong></span> <span class='ocrx_word' id='word_1_120' title='bbox 122 1665 257 1732; x_wconf 85' lang='lat' dir='ltr'><strong>appareat</strong></span> <span class='ocrx_word' id='word_1_121' title='bbox 275 1663 411 1715; x_wconf 90' lang='lat' dir='ltr'><strong>mundum</strong></span> <span class='ocrx_word' id='word_1_122' title='bbox 430 1664 459 1716; x_wconf 80' lang='lat' dir='ltr'><strong>el</strong></span> <span class='ocrx_word' id='word_1_123' title='bbox 477 1679 511 1714; x_wconf 86' lang='lat' dir='ltr'><strong>ex</strong></span> <span class='ocrx_word' id='word_1_124' title='bbox 529 1678 558 1715; x_wconf 89' lang='lat' dir='ltr'><strong>se</strong></span> <span class='ocrx_word' id='word_1_125' title='bbox 577 1661 639 1730; x_wconf 87' lang='lat' dir='ltr'><strong>ipso</strong></span> <span class='ocrx_word' id='word_1_126' title='bbox 659 1661 698 1715; x_wconf 90' lang='lat' dir='ltr'><strong>ali</strong></span> <span class='ocrx_word' id='word_1_127' title='bbox 716 1664 745 1715; x_wconf 81' lang='lat' dir='ltr'><strong>et</strong></span> <span class='ocrx_word' id='word_1_128' title='bbox 766 1663 798 1715; x_wconf 91' lang='lat' dir='ltr'><strong>in</strong></span> <span class='ocrx_word' id='word_1_129' title='bbox 821 1679 851 1717; x_wconf 89' lang='lat' dir='ltr'><strong>se</strong></span> <span class='ocrx_word' id='word_1_130' title='bbox 873 1661 985 1716; x_wconf 89' lang='lat' dir='ltr'><strong>revolvi.</strong></span> <span class='ocrx_word' id='word_1_131' title='bbox 1022 1662 1087 1716; x_wconf 89' lang='lat' dir='ltr'><strong>ideo</strong></span> 
     </span>
     <span class='ocr_line' id='line_1_18' title="bbox 69 1733 1087 1803; baseline -0.002 -15"><span class='ocrx_word' id='word_1_132' title='bbox 69 1738 99 1788; x_wconf 83' lang='lat' dir='ltr'><strong>et</strong></span> <span class='ocrx_word' id='word_1_133' title='bbox 118 1734 194 1803; x_wconf 91' lang='lat' dir='ltr'><strong>apud</strong></span> <span class='ocrx_word' id='word_1_134' title='bbox 212 1751 263 1787; x_wconf 89' lang='lat' dir='ltr'><strong>nos</strong></span> <span class='ocrx_word' id='word_1_135' title='bbox 281 1733 309 1786; x_wconf 89' lang='lat' dir='ltr'><strong>in</strong></span> <span class='ocrx_word' id='word_1_136' title='bbox 330 1735 465 1801; x_wconf 77' lang='lat' dir='ltr'><strong>quattuor</strong></span> <span class='ocrx_word' id='word_1_137' title='bbox 485 1735 580 1802; x_wconf 81' lang='lat' dir='ltr'><strong>partes</strong></span> <span class='ocrx_word' id='word_1_138' title='bbox 604 1735 725 1802; x_wconf 79' lang='lat' dir='ltr'><strong>spectat,</strong></span> <span class='ocrx_word' id='word_1_139' title='bbox 749 1736 781 1787; x_wconf 79' lang='lat' dir='ltr'><strong>nt</strong></span> <span class='ocrx_word' id='word_1_140' title='bbox 804 1734 979 1788; x_wconf 77' lang='lat' dir='ltr'><strong>demonstrat</strong></span> <span class='ocrx_word' id='word_1_141' title='bbox 1002 1733 1087 1786; x_wconf 89' lang='lat' dir='ltr'><strong>simu-</strong></span> 
     </span>
     <span class='ocr_line' id='line_1_19' title="bbox 70 1803 1086 1876; baseline -0.002 -16"><span class='ocrx_word' id='word_1_142' title='bbox 70 1807 176 1860; x_wconf 82' lang='lat' dir='ltr'><strong>lacrum</strong></span> <span class='ocrx_word' id='word_1_143' title='bbox 197 1805 256 1859; x_wconf 86' lang='lat' dir='ltr'><strong>eius</strong></span> <span class='ocrx_word' id='word_1_144' title='bbox 272 1803 379 1858; x_wconf 80' lang='lat' dir='ltr'><strong>Faleris</strong></span> <span class='ocrx_word' id='word_1_145' title='bbox 399 1805 555 1859; x_wconf 81' lang='lat' dir='ltr'><strong>advectum.</strong></span> <span class='ocrx_word' id='word_1_146' title='bbox 586 1805 622 1871; x_wconf 82' lang='lat' dir='ltr'><strong>ef.</strong></span> <span class='ocrx_word' id='word_1_147' title='bbox 637 1806 703 1875; x_wconf 66' lang='grc' dir='ltr'><strong>Νέᾳ.</strong></span> <span class='ocrx_word' id='word_1_148' title='bbox 719 1806 784 1876; x_wconf 64' lang='lat' dir='ltr'><strong>Fla.</strong></span> <span class='ocrx_word' id='word_1_149' title='bbox 798 1806 889 1872; x_wconf 59' lang='lat' dir='ltr'><strong>saiw.</strong></span> <span class='ocrx_word' id='word_1_150' title='bbox 920 1805 989 1860; x_wconf 81' lang='lat' dir='ltr'><strong>Gau.</strong></span> <span class='ocrx_word' id='word_1_151' title='bbox 1005 1806 1086 1860; x_wconf 81' lang='lat' dir='ltr'><strong>Base.</strong></span> 
     </span>
     <span class='ocr_line' id='line_1_20' title="bbox 69 1877 1087 1943; baseline -0.001 -11"><span class='ocrx_word' id='word_1_152' title='bbox 69 1879 105 1943; x_wconf 80' lang='lat' dir='ltr'><strong>fr.</strong></span> <span class='ocrx_word' id='word_1_153' title='bbox 126 1883 151 1932; x_wconf 90' lang='lat'><strong>9.</strong></span> <span class='ocrx_word' id='word_1_154' title='bbox 193 1877 262 1932; x_wconf 80' lang='lat' dir='ltr'><strong>Isid.</strong></span> <span class='ocrx_word' id='word_1_155' title='bbox 282 1893 320 1930; x_wconf 87' lang='lat' dir='ltr'><strong>or.</strong></span> <span class='ocrx_word' id='word_1_156' title='bbox 341 1880 483 1942; x_wconf 79' lang='lat' dir='ltr'><strong>s,11,37.</strong></span> <span class='ocrx_word' id='word_1_157' title='bbox 525 1877 606 1930; x_wconf 83' lang='lat' dir='ltr'><strong>verba</strong></span> <span class='ocrx_word' id='word_1_158' title='bbox 631 1877 710 1930; x_wconf 80' lang='lat' dir='ltr'><strong>‘ttae</strong></span> <span class='ocrx_word' id='word_1_159' title='bbox 734 1908 765 1916; x_wconf 88' lang='lat'>-</span> <span class='ocrx_word' id='word_1_160' title='bbox 789 1877 944 1930; x_wconf 84' lang='lat' dir='ltr'><strong>advectam&#39;</strong></span> <span class='ocrx_word' id='word_1_161' title='bbox 971 1877 1087 1943; x_wconf 75' lang='lat' dir='ltr'><strong>fortasse</strong></span> 
     </span>
     <span class='ocr_line' id='line_1_21' title="bbox 71 1948 472 2015; baseline -0.01 -10"><span class='ocrx_word' id='word_1_162' title='bbox 71 1950 216 2015; x_wconf 69' lang='lat' dir='ltr'><strong>Cornificio</strong></span> <span class='ocrx_word' id='word_1_163' title='bbox 235 1948 382 2003; x_wconf 78' lang='lat' dir='ltr'><strong>tribuenda</strong></span> <span class='ocrx_word' id='word_1_164' title='bbox 399 1954 472 2002; x_wconf 84' lang='lat' dir='ltr'><strong>swat.</strong></span> 
     </span>
    </p>
   </div>
   <div class='ocr_carea' id='block_1_8' title="bbox 563 2083 583 2138">
    <p class='ocr_par' dir='ltr' id='par_1_8' title="bbox 563 2083 583 2138">
     <span class='ocr_line' id='line_1_22' title="bbox 563 2083 583 2138; baseline 0 0"><span class='ocrx_word' id='word_1_165' title='bbox 563 2083 583 2138; x_wconf 85' lang='lat'><strong><em>3</em></strong></span> 
     </span>
    </p>
   </div>
   <div class='ocr_carea' id='block_1_9' title="bbox 70 2184 1087 2441">
    <p class='ocr_par' dir='ltr' id='par_1_9' title="bbox 70 2184 1087 2441">
     <span class='ocr_line' id='line_1_23' title="bbox 138 2184 1086 2263; baseline -0.002 -15"><span class='ocrx_word' id='word_1_166' title='bbox 138 2187 312 2248; x_wconf 79' lang='lat' dir='ltr'><strong>Cornificius</strong></span> <span class='ocrx_word' id='word_1_167' title='bbox 341 2188 505 2247; x_wconf 79' lang='lat' dir='ltr'><strong>arbitratur</strong></span> <span class='ocrx_word' id='word_1_168' title='bbox 531 2187 704 2263; x_wconf 80' lang='lat' dir='ltr'><strong>Apollinem</strong></span> <span class='ocrx_word' id='word_1_169' title='bbox 730 2189 916 2247; x_wconf 81' lang='lat' dir='ltr'><strong>nominatum</strong></span> <span class='ocrx_word' id='word_1_170' title='bbox 947 2184 1006 2248; x_wconf 80' lang='grc' dir='ltr'><strong>ἀπὸ</strong></span> <span class='ocrx_word' id='word_1_171' title='bbox 1034 2195 1086 2246; x_wconf 80' lang='grc' dir='ltr'><strong>τοῦ</strong></span> 
     </span>
     <span class='ocr_line' id='line_1_24' title="bbox 71 2275 1087 2353; baseline -0.001 -17"><span class='ocrx_word' id='word_1_172' title='bbox 71 2276 239 2351; x_wconf 77' lang='grc' dir='ltr'><em>ἀναπολεῖν,</em></span> <span class='ocrx_word' id='word_1_173' title='bbox 262 2277 294 2334; x_wconf 89' lang='lat' dir='ltr'><strong>id</strong></span> <span class='ocrx_word' id='word_1_174' title='bbox 313 2281 358 2336; x_wconf 88' lang='lat' dir='ltr'><strong>est</strong></span> <span class='ocrx_word' id='word_1_175' title='bbox 377 2279 449 2353; x_wconf 88' lang='lat' dir='ltr'><strong>quia</strong></span> <span class='ocrx_word' id='word_1_176' title='bbox 467 2278 547 2335; x_wconf 81' lang='lat' dir='ltr'><strong>intra</strong></span> <span class='ocrx_word' id='word_1_177' title='bbox 566 2278 724 2352; x_wconf 87' lang='lat' dir='ltr'><strong>eirouitum</strong></span> <span class='ocrx_word' id='word_1_178' title='bbox 742 2277 854 2351; x_wconf 84' lang='lat' dir='ltr'><strong>mundi,</strong></span> <span class='ocrx_word' id='word_1_179' title='bbox 875 2296 962 2352; x_wconf 91' lang='lat' dir='ltr'><strong>quem</strong></span> <span class='ocrx_word' id='word_1_180' title='bbox 982 2275 1087 2336; x_wconf 82' lang='lat' dir='ltr'><strong>Graeci</strong></span> 
     </span>
     <span class='ocr_line' id='line_1_25' title="bbox 70 2365 916 2441; baseline -0.002 -15"><span class='ocrx_word' id='word_1_181' title='bbox 70 2365 164 2426; x_wconf 78' lang='grc' dir='ltr'><strong><em>πόλον</em></strong></span> <span class='ocrx_word' id='word_1_182' title='bbox 188 2366 350 2441; x_wconf 85' lang='lat' dir='ltr'><strong>appellant,</strong></span> <span class='ocrx_word' id='word_1_183' title='bbox 373 2368 488 2441; x_wconf 80' lang='lat' dir='ltr'><strong>impetu</strong></span> <span class='ocrx_word' id='word_1_184' title='bbox 511 2367 591 2426; x_wconf 81' lang='lat' dir='ltr'><strong>latus</strong></span> <span class='ocrx_word' id='word_1_185' title='bbox 615 2366 653 2424; x_wconf 90' lang='lat' dir='ltr'><strong>ad</strong></span> <span class='ocrx_word' id='word_1_186' title='bbox 677 2368 758 2424; x_wconf 76' lang='lat' dir='ltr'><strong>ortus</strong></span> <span class='ocrx_word' id='word_1_187' title='bbox 780 2365 916 2425; x_wconf 81' lang='lat' dir='ltr'><strong>refertur.</strong></span> 
     </span>
    </p>
   </div>
   <div class='ocr_carea' id='block_1_10' title="bbox 69 2464 1088 2745">
    <p class='ocr_par' dir='ltr' id='par_1_10' title="bbox 69 2464 1088 2745">
     <span class='ocr_line' id='line_1_26' title="bbox 143 2464 1088 2534; baseline 0 -15"><span class='ocrx_word' id='word_1_188' title='bbox 143 2465 411 2531; x_wconf 82' lang='lat' dir='ltr'><strong>Maerot.1,17,9</strong></span> <span class='ocrx_word' id='word_1_189' title='bbox 447 2472 595 2533; x_wconf 76' lang='lat' dir='ltr'><strong>postquam</strong></span> <span class='ocrx_word' id='word_1_190' title='bbox 618 2466 746 2519; x_wconf 79' lang='lat' dir='ltr'><strong>Platonis</strong></span> <span class='ocrx_word' id='word_1_191' title='bbox 770 2465 917 2534; x_wconf 67' lang='lat' dir='ltr'><strong>Chrysippi</strong></span> <span class='ocrx_word' id='word_1_192' title='bbox 939 2464 1088 2534; x_wconf 65' lang='lat' dir='ltr'><strong>Speastpffl&#39;</strong></span> 
     </span>
     <span class='ocr_line' id='line_1_27' title="bbox 71 2537 1087 2605; baseline -0.001 -13"><span class='ocrx_word' id='word_1_193' title='bbox 71 2538 210 2592; x_wconf 77' lang='lat' dir='ltr'><strong>Cleanthis</strong></span> <span class='ocrx_word' id='word_1_194' title='bbox 232 2542 322 2605; x_wconf 75' lang='lat' dir='ltr'><strong>etpata</strong></span> <span class='ocrx_word' id='word_1_195' title='bbox 345 2538 439 2590; x_wconf 68' lang='lat' dir='ltr'><strong>adaltt</strong></span> <span class='ocrx_word' id='word_1_196' title='bbox 474 2549 605 2590; x_wconf 75' lang='lat' dir='ltr'><strong>cornificius</strong></span> <span class='ocrx_word' id='word_1_197' title='bbox 619 2568 645 2574; x_wconf 94' lang='lat'>—</span> <span class='ocrx_word' id='word_1_198' title='bbox 659 2550 759 2591; x_wconf 78' lang='lat' dir='ltr'><strong>refertur.</strong></span> <span class='ocrx_word' id='word_1_199' title='bbox 798 2538 921 2604; x_wconf 77' lang='lat' dir='ltr'><strong>sequitur</strong></span> <span class='ocrx_word' id='word_1_200' title='bbox 944 2537 1087 2591; x_wconf 75' lang='lat' dir='ltr'><strong>decadem</strong></span> 
     </span>
     <span class='ocr_line' id='line_1_28' title="bbox 69 2602 1085 2734; baseline -0.002 -72"><span class='ocrx_word' id='word_1_201' title='bbox 69 2626 98 2734; x_wconf 45' lang='lat' dir='ltr'><strong>rae</strong></span> <span class='ocrx_word' id='word_1_202' title='bbox 114 2602 206 2734; x_wconf 56' lang='grc' dir='ltr'><em>ἔηέρθα</em></span> <span class='ocrx_word' id='word_1_203' title='bbox 234 2607 393 2676; x_wconf 79' lang='lat' dir='ltr'><strong>disputatio.</strong></span> <span class='ocrx_word' id='word_1_204' title='bbox 435 2607 469 2673; x_wconf 82' lang='lat' dir='ltr'><strong>cs.</strong></span> <span class='ocrx_word' id='word_1_205' title='bbox 495 2607 583 2661; x_wconf 84' lang='lat' dir='ltr'><strong>Varro</strong></span> <span class='ocrx_word' id='word_1_206' title='bbox 608 2607 640 2660; x_wconf 84' lang='lat' dir='ltr'><strong>de</strong></span> <span class='ocrx_word' id='word_1_207' title='bbox 666 2609 683 2661; x_wconf 86' lang='lat' dir='ltr'><strong>l.</strong></span> <span class='ocrx_word' id='word_1_208' title='bbox 703 2608 737 2660; x_wconf 87' lang='lat' dir='ltr'><strong>L.</strong></span> <span class='ocrx_word' id='word_1_209' title='bbox 762 2611 787 2673; x_wconf 87' lang='lat'><strong>5,</strong></span> <span class='ocrx_word' id='word_1_210' title='bbox 803 2611 848 2661; x_wconf 86' lang='grc'><strong>68.</strong></span> <span class='ocrx_word' id='word_1_211' title='bbox 888 2607 942 2661; x_wconf 80' lang='lat' dir='ltr'><strong>Oia.</strong></span> <span class='ocrx_word' id='word_1_212' title='bbox 968 2607 1000 2661; x_wconf 83' lang='lat' dir='ltr'><strong>de</strong></span> <span class='ocrx_word' id='word_1_213' title='bbox 1027 2614 1085 2662; x_wconf 78' lang='lat' dir='ltr'><strong>aar.</strong></span> 
     </span>
     <span class='ocr_line' id='line_1_29' title="bbox 89 2720 201 2745; baseline -0.018 -12"><span class='ocrx_word' id='word_1_214' title='bbox 89 2722 95 2733; x_wconf 86' lang='lat'><strong>.</strong></span> <span class='ocrx_word' id='word_1_215' title='bbox 134 2720 142 2745; x_wconf 85' lang='lat'>‚</span> <span class='ocrx_word' id='word_1_216' title='bbox 196 2721 201 2731; x_wconf 92' lang='lat'><strong>.</strong></span> 
     </span>
    </p>
   </div>
   <div class='ocr_carea' id='block_1_11' title="bbox 565 2759 584 2814">
    <p class='ocr_par' dir='ltr' id='par_1_11' title="bbox 565 2759 584 2814">
     <span class='ocr_line' id='line_1_30' title="bbox 565 2759 584 2814; baseline 0 0"><span class='ocrx_word' id='word_1_217' title='bbox 565 2759 584 2814; x_wconf 78' lang='lat'><strong><em>4</em></strong></span> 
     </span>
    </p>
   </div>
   <div class='ocr_carea' id='block_1_12' title="bbox 71 2863 1113 3386">
    <p class='ocr_par' dir='ltr' id='par_1_12' title="bbox 71 2863 1113 3386">
     <span class='ocr_line' id='line_1_31' title="bbox 138 2863 1086 2942; baseline 0 -19"><span class='ocrx_word' id='word_1_218' title='bbox 138 2865 290 2923; x_wconf 79' lang='lat' dir='ltr'><strong>invenitur</strong></span> <span class='ocrx_word' id='word_1_219' title='bbox 304 2864 385 2940; x_wconf 90' lang='lat' dir='ltr'><strong>apud</strong></span> <span class='ocrx_word' id='word_1_220' title='bbox 399 2863 590 2923; x_wconf 75' lang='lat' dir='ltr'><strong>Cornificium</strong></span> <span class='ocrx_word' id='word_1_221' title='bbox 605 2863 741 2942; x_wconf 78' lang='lat' dir='ltr'><strong>Longum</strong></span> <span class='ocrx_word' id='word_1_222' title='bbox 750 2863 893 2939; x_wconf 82' lang='lat' dir='ltr'><strong>Iapydem</strong></span> <span class='ocrx_word' id='word_1_223' title='bbox 909 2867 939 2923; x_wconf 84' lang='lat' dir='ltr'><strong>et</strong></span> <span class='ocrx_word' id='word_1_224' title='bbox 951 2864 1086 2923; x_wconf 80' lang='lat' dir='ltr'><strong>Icadium</strong></span> 
     </span>
     <span class='ocr_line' id='line_1_32' title="bbox 72 2952 1085 3031; baseline 0.001 -20"><span class='ocrx_word' id='word_1_225' title='bbox 72 2955 220 3030; x_wconf 80' lang='lat' dir='ltr'><strong>profectos</strong></span> <span class='ocrx_word' id='word_1_226' title='bbox 245 2973 262 3010; x_wconf 90' lang='lat' dir='ltr'><strong>a</strong></span> <span class='ocrx_word' id='word_1_227' title='bbox 287 2952 375 3012; x_wconf 82' lang='lat' dir='ltr'><strong>Orela</strong></span> <span class='ocrx_word' id='word_1_228' title='bbox 401 2954 433 3011; x_wconf 92' lang='lat' dir='ltr'><strong>in</strong></span> <span class='ocrx_word' id='word_1_229' title='bbox 461 2953 593 3012; x_wconf 83' lang='lat' dir='ltr'><strong>diversas</strong></span> <span class='ocrx_word' id='word_1_230' title='bbox 620 2954 756 3031; x_wconf 80' lang='lat' dir='ltr'><strong>regiones</strong></span> <span class='ocrx_word' id='word_1_231' title='bbox 784 2955 913 3027; x_wconf 78' lang='lat' dir='ltr'><strong>venisse,</strong></span> <span class='ocrx_word' id='word_1_232' title='bbox 944 2953 1085 3029; x_wconf 82' lang='lat' dir='ltr'><strong>Iapydem</strong></span> 
     </span>
     <span class='ocr_line' id='line_1_33' title="bbox 72 3042 1086 3118; baseline 0 -17"><span class='ocrx_word' id='word_1_233' title='bbox 72 3044 110 3102; x_wconf 89' lang='lat' dir='ltr'><strong>ad</strong></span> <span class='ocrx_word' id='word_1_234' title='bbox 128 3044 259 3117; x_wconf 80' lang='lat' dir='ltr'><strong>Italiam,</strong></span> <span class='ocrx_word' id='word_1_235' title='bbox 277 3043 414 3101; x_wconf 81' lang='lat' dir='ltr'><strong>Icadium</strong></span> <span class='ocrx_word' id='word_1_236' title='bbox 432 3062 501 3101; x_wconf 88' lang='lat' dir='ltr'><strong>vero</strong></span> <span class='ocrx_word' id='word_1_237' title='bbox 521 3042 593 3101; x_wconf 81' lang='lat' dir='ltr'><strong>duae</strong></span> <span class='ocrx_word' id='word_1_238' title='bbox 612 3042 752 3118; x_wconf 88' lang='lat' dir='ltr'><strong>delphino</strong></span> <span class='ocrx_word' id='word_1_239' title='bbox 772 3042 810 3100; x_wconf 91' lang='lat' dir='ltr'><strong>ad</strong></span> <span class='ocrx_word' id='word_1_240' title='bbox 828 3046 959 3101; x_wconf 80' lang='lat' dir='ltr'><strong>montem</strong></span> <span class='ocrx_word' id='word_1_241' title='bbox 975 3042 1086 3102; x_wconf 90' lang='lat' dir='ltr'><strong>Parna-</strong></span> 
     </span>
     <span class='ocr_line' id='line_1_34' title="bbox 71 3131 1087 3209; baseline -0.001 -18"><span class='ocrx_word' id='word_1_242' title='bbox 71 3151 152 3206; x_wconf 89' lang='lat' dir='ltr'><strong>sum,</strong></span> <span class='ocrx_word' id='word_1_243' title='bbox 180 3135 210 3190; x_wconf 81' lang='lat' dir='ltr'><strong>et</strong></span> <span class='ocrx_word' id='word_1_244' title='bbox 237 3152 255 3190; x_wconf 88' lang='lat' dir='ltr'><strong>a</strong></span> <span class='ocrx_word' id='word_1_245' title='bbox 282 3132 356 3190; x_wconf 88' lang='lat' dir='ltr'><strong>duee</strong></span> <span class='ocrx_word' id='word_1_246' title='bbox 383 3131 515 3207; x_wconf 90' lang='lat' dir='ltr'><strong>Delphos</strong></span> <span class='ocrx_word' id='word_1_247' title='bbox 544 3133 768 3209; x_wconf 81' lang='lat' dir='ltr'><strong>cognominasse</strong></span> <span class='ocrx_word' id='word_1_248' title='bbox 796 3133 827 3190; x_wconf 82' lang='lat' dir='ltr'><strong>et</strong></span> <span class='ocrx_word' id='word_1_249' title='bbox 853 3131 884 3188; x_wconf 92' lang='lat' dir='ltr'><strong>in</strong></span> <span class='ocrx_word' id='word_1_250' title='bbox 912 3134 1087 3190; x_wconf 89' lang='lat' dir='ltr'><strong>memoriam</strong></span> 
     </span>
     <span class='ocr_line' id='line_1_35' title="bbox 71 3219 1113 3299; baseline -0.001 -20"><span class='ocrx_word' id='word_1_251' title='bbox 71 3223 177 3299; x_wconf 83' lang='lat' dir='ltr'><strong>gentis,</strong></span> <span class='ocrx_word' id='word_1_252' title='bbox 202 3241 237 3278; x_wconf 86' lang='lat' dir='ltr'><strong>ex</strong></span> <span class='ocrx_word' id='word_1_253' title='bbox 257 3241 316 3296; x_wconf 86' lang='lat' dir='ltr'><strong>qua</strong></span> <span class='ocrx_word' id='word_1_254' title='bbox 336 3222 487 3296; x_wconf 79' lang='lat' dir='ltr'><strong>profectus</strong></span> <span class='ocrx_word' id='word_1_255' title='bbox 506 3223 579 3295; x_wconf 81' lang='lat' dir='ltr'><strong>erat,</strong></span> <span class='ocrx_word' id='word_1_256' title='bbox 602 3220 787 3279; x_wconf 81' lang='lat' dir='ltr'><strong>subiacentes</strong></span> <span class='ocrx_word' id='word_1_257' title='bbox 811 3238 931 3296; x_wconf 87' lang='lat' dir='ltr'><strong>eampos</strong></span> <span class='ocrx_word' id='word_1_258' title='bbox 952 3219 1113 3280; x_wconf 81' lang='lat' dir='ltr'><strong>Orisaeoss</strong></span> 
     </span>
     <span class='ocr_line' id='line_1_36' title="bbox 71 3310 835 3386; baseline -0.004 -16"><span class='ocrx_word' id='word_1_259' title='bbox 71 3311 119 3370; x_wconf 87' lang='lat' dir='ltr'><strong>vel</strong></span> <span class='ocrx_word' id='word_1_260' title='bbox 145 3310 282 3369; x_wconf 77' lang='lat' dir='ltr'><strong>Cretaeos</strong></span> <span class='ocrx_word' id='word_1_261' title='bbox 306 3311 472 3386; x_wconf 87' lang='lat' dir='ltr'><strong>appellasse</strong></span> <span class='ocrx_word' id='word_1_262' title='bbox 495 3312 525 3369; x_wconf 78' lang='lat' dir='ltr'><strong>el</strong></span> <span class='ocrx_word' id='word_1_263' title='bbox 548 3328 614 3369; x_wconf 89' lang='lat' dir='ltr'><strong>aras</strong></span> <span class='ocrx_word' id='word_1_264' title='bbox 638 3310 835 3368; x_wconf 76' lang='lat' dir='ltr'><strong>eonstituisse.</strong></span> 
     </span>
    </p>
   </div>
   <div class='ocr_carea' id='block_1_13' title="bbox 141 3399 1115 3478">
    <p class='ocr_par' dir='ltr' id='par_1_13' title="bbox 141 3399 1115 3478">
     <span class='ocr_line' id='line_1_37' title="bbox 141 3399 1115 3478; baseline -0.016 -14"><span class='ocrx_word' id='word_1_265' title='bbox 141 3410 213 3464; x_wconf 82' lang='lat' dir='ltr'><strong>Sero.</strong></span> <span class='ocrx_word' id='word_1_266' title='bbox 229 3409 327 3478; x_wconf 84' lang='lat' dir='ltr'><strong>(Dea.)</strong></span> <span class='ocrx_word' id='word_1_267' title='bbox 343 3410 411 3462; x_wconf 84' lang='lat' dir='ltr'><strong>Aea.</strong></span> <span class='ocrx_word' id='word_1_268' title='bbox 427 3413 453 3474; x_wconf 85' lang='lat'><strong>3,</strong></span> <span class='ocrx_word' id='word_1_269' title='bbox 468 3412 522 3463; x_wconf 84' lang='lat'><strong>332</strong></span> <span class='ocrx_word' id='word_1_270' title='bbox 540 3408 650 3478; x_wconf 78' lang='lat' dir='ltr'><strong>patrias</strong></span> <span class='ocrx_word' id='word_1_271' title='bbox 668 3425 735 3462; x_wconf 84' lang='lat' dir='ltr'><strong>aras</strong></span> <span class='ocrx_word' id='word_1_272' title='bbox 752 3406 808 3461; x_wconf 77' lang='lat' dir='ltr'><strong>al‘ii</strong></span> <span class='ocrx_word' id='word_1_273' title='bbox 822 3405 976 3459; x_wconf 53' lang='lat' dir='ltr'><strong>Romuleae</strong></span> <span class='ocrx_word' id='word_1_274' title='bbox 988 3399 1115 3468; x_wconf 38' lang='lat' dir='ltr'><strong>inuam</strong></span> 
     </span>
    </p>
   </div>
   <div class='ocr_carea' id='block_1_14' title="bbox 62 3462 1162 3626">
    <p class='ocr_par' dir='ltr' id='par_1_14' title="bbox 62 3462 1162 3626">
     <span class='ocr_line' id='line_1_38' title="bbox 70 3462 1162 3561; baseline -0.014 -27"><span class='ocrx_word' id='word_1_275' title='bbox 70 3482 143 3551; x_wconf 81' lang='lat' dir='ltr'><strong>gunt</strong></span> <span class='ocrx_word' id='word_1_276' title='bbox 161 3512 207 3535; x_wconf 91' lang='lat'><strong>—.</strong></span> <span class='ocrx_word' id='word_1_277' title='bbox 235 3480 285 3533; x_wconf 89' lang='lat' dir='ltr'><strong>alii</strong></span> <span class='ocrx_word' id='word_1_278' title='bbox 300 3481 411 3549; x_wconf 85' lang='lat' dir='ltr'><strong>patrias</strong></span> <span class='ocrx_word' id='word_1_279' title='bbox 430 3480 598 3552; x_wconf 87' lang='lat' dir='ltr'><strong>Apollineas</strong></span> <span class='ocrx_word' id='word_1_280' title='bbox 619 3481 725 3538; x_wconf 69' lang='lat' dir='ltr'><strong>solani</strong></span> <span class='ocrx_word' id='word_1_281' title='bbox 743 3497 763 3534; x_wconf 87' lang='lat' dir='ltr'><strong>a</strong></span> <span class='ocrx_word' id='word_1_282' title='bbox 776 3476 884 3532; x_wconf 63' lang='lat' dir='ltr'><strong>Pastis</strong></span> <span class='ocrx_word' id='word_1_283' title='bbox 905 3470 1045 3552; x_wconf 47' lang='lat' dir='ltr'><strong>samsima</strong></span> <span class='ocrx_word' id='word_1_284' title='bbox 1062 3462 1162 3561; x_wconf 30' lang='lat' dir='ltr'><strong>dmg</strong></span> 
     </span>
     <span class='ocr_line' id='line_1_39' title="bbox 62 3529 1144 3626; baseline -0.043 -4"><span class='ocrx_word' id='word_1_285' title='bbox 62 3553 132 3616; x_wconf 62' lang='lat' dir='ltr'><strong>mer</strong></span> <span class='ocrx_word' id='word_1_286' title='bbox 159 3551 190 3602; x_wconf 53' lang='lat'><strong><em>1¹1¹</em></strong></span> <span class='ocrx_word' id='word_1_287' title='bbox 219 3568 276 3617; x_wconf 62' lang='grc' dir='ltr'><strong>ΨΜ</strong></span> <span class='ocrx_word' id='word_1_288' title='bbox 300 3551 417 3608; x_wconf 64' lang='lat' dir='ltr'><strong>Pullius</strong></span> <span class='ocrx_word' id='word_1_289' title='bbox 437 3553 547 3626; x_wconf 87' lang='lat' dir='ltr'><strong>Apollo</strong></span> <span class='ocrx_word' id='word_1_290' title='bbox 575 3555 686 3613; x_wconf 63' lang='lat' dir='ltr'><strong>colitur</strong></span> <span class='ocrx_word' id='word_1_291' title='bbox 707 3585 761 3608; x_wconf 84' lang='lat'><strong>—.</strong></span> <span class='ocrx_word' id='word_1_292' title='bbox 797 3550 875 3603; x_wconf 64' lang='lat' dir='ltr'><strong>suni»</strong></span> <span class='ocrx_word' id='word_1_293' title='bbox 897 3557 958 3609; x_wconf 65' lang='lat' dir='ltr'><strong>unu</strong></span> <span class='ocrx_word' id='word_1_294' title='bbox 981 3529 1097 3587; x_wconf 44' lang='lat' dir='ltr'><strong>dueum&amp;</strong></span> <span class='ocrx_word' id='word_1_295' title='bbox 1118 3532 1144 3563; x_wconf 48' lang='grc' dir='ltr'><strong>ἢ·</strong></span> 
     </span>
    </p>
   </div>
   <div class='ocr_carea' id='block_1_15' title="bbox 0 0 1204 3824">
    <p class='ocr_par' dir='ltr' id='par_1_15' title="bbox 0 0 1204 3824">
     <span class='ocr_line' id='line_1_40' title="bbox 0 0 1204 3824; baseline 0 0"><span class='ocrx_word' id='word_1_296' title='bbox 0 0 1204 3824; x_wconf 95' lang='lat' dir='ltr'><strong> </strong></span> 
     </span>
    </p>
   </div>
  </div>
 </body>
</html>
