2400 3824
129 125 196 189 492
296 125 501 180 Grammaticus
520 127 622 180 aetatis
641 127 802 196 Augusteae
821 127 980 196 fragmenta

131 287 239 340 insecuti
252 288 283 340 X
289 288 332 341 VI
341 289 382 341 uei
396 287 427 340 X
432 289 511 342 VIH
525 305 662 342 aureorum
680 291 850 356 inscripsisse
870 291 914 356 (fr.
930 292 966 358 1),
985 306 1047 343 cum
1065 291 1150 343 huius

130 358 205 411 orodi
223 361 405 412 controuersia
424 366 488 427 post
506 361 619 413 initium
638 363 727 414 oetam
743 361 847 414 saeculi
869 363 926 414 ium
944 361 1006 426 fieri
1023 378 1083 415 uou
1097 377 1149 429 Ρο-

130 431 219 495 tuerit,
245 432 293 483 uix
310 437 377 484 recte
400 431 513 484 iudicat.
555 433 645 497 formo
669 433 740 484 enim
764 433 856 485 -ibom
879 449 939 486 cum
958 432 1036 500 opud
1051 439 1150 499 poetas

130 502 287 570 Auyusteue
310 504 421 567 auct,is
440 503 577 555 interdum
600 504 682 556 etium
703 505 762 556 sine
781 505 860 557 metri
881 505 1047 569 necessitate,
1072 504 1149 558 haud

129 589 199 626 rara
223 579 273 638 est,
299 580 357 626 tum
381 574 457 657 opud
478 575 622 641 scriptores
644 576 785 641 reperimur
814 581 845 628 ut
834 574 1010 628 tVarrouem
1032 575 1149 629 Liuium

132 643 259 697 Tacitum
273 646 430 698 Plinium'
418 647 553 698 iuniorem
572 647 616 713 (cf.
631 645 753 711 Skutsch,
771 644 875 698 Attid.
893 646 989 715 Oouqr.
1005 646 1147 700 Internum

130 715 161 767 di
179 713 337 769 Scicneet
311 722 374 770 st.or
395 716 485 770 Roma
499 720 572 770 1903
594 733 623 783 Ρ.
638 720 702 770 202.
742 718 835 770 Neue-
825 717 983 787 -chener,
1006 718 1147 772 Formcui.

130 787 156 838 d.
176 787 241 839 Lar.
224 787 322 855 tSpr.
343 792 368 852 3,
387 788 503 856 317sq..)
541 790 712 841 romunicum
734 790 825 854 ipsum
848 790 1034 857 imperfectum
1054 791 1147 844 coniu-

129 874 165 927 Ρα
167 859 250 911 tionis
269 860 300 911 in
319 860 371 912 -r're
388 859 565 912 desinentis
553 876 584 911 m
598 875 642 912 ore
661 860 781 926 toquent
769 878 855 913 rum·
846 861 932 913 -ibum
949 861 1071 926 smmum
1084 877 1148 929 pcr-

129 931 229 983 stitisse
243 929 317 983 docct
331 932 375 997 (cf.
392 930 603 999 Meua-Luem,
620 931 741 985 Gramm.
757 933 783 984 d.
797 947 901 985 romum.
917 931 979 999 Sur.
991 935 1019 996 2,
1028 935 1146 999 284sq.).

130 1001 222 1068 itaque
245 1001 316 1054 nibil
339 1002 452 1070 impedit
470 1003 615 1068 quominus
633 1003 784 1068 Aufustius
803 1003 841 1056 od
859 1004 991 1056 Asinium
1014 1005 1074 1056 ium
1091 1020 1147 1056 uon

130 1072 270 1125 indoctum
294 1073 489 1126 adulescentem
511 1073 557 1125 sed
580 1075 780 1127 enistimotiouc
803 1075 984 1128 litteratorum
1005 1075 1147 1128 hominum

129 1145 274 1211 florentem,
288 1151 320 1197 ut
335 1145 436 1199 Caesar
450 1149 474 1198 et
490 1144 577 1198 Varro
592 1146 630 1197 od
646 1145 806 1211 Ciceronem,
827 1146 926 1199 librum
939 1161 1021 1198 suum
1035 1147 1145 1199 miserit.

505 1376 777 1443 nancnnum
858 1346 861 1350 “

354 1525 450 1579 LIBRI
468 1525 518 1579 AD
537 1525 690 1579 ASINIUM
708 1525 918 1580 POLLIONEM

630 1647 647 1700 1

198 1751 243 1806 est
279 1767 357 1806 nunc
394 1766 486 1826 genus
524 1748 672 1806 dilatandi
708 1748 815 1822 verba,
856 1768 933 1824 quae
968 1751 998 1808 io
1036 1748 1144 1808 litteris

129 1836 282 1910 finiuntur,
320 1837 356 1895 de
389 1857 447 1912 quo
479 1841 509 1896 et
542 1838 664 1897 Aufusti
701 1837 889 1914 grammatici
920 1837 997 1896 liber
1029 1840 1075 1897 est
1106 1837 1143 1895 ad

130 1926 268 1985 Asinium
286 1925 461 2000 Pollionem,
484 1929 595 1985 rectius
619 1925 678 1985 dici
698 1926 852 1984 veniebam
871 1927 1030 1986 audiebam
1048 1927 1144 1986 sallie-

130 2015 199 2073 bam
217 2015 366 2073 leniebam
383 2015 563 2090 molliebam,
583 2035 673 2090 quam
689 2015 827 2074 venibam
846 2015 987 2074 audibam
1006 2016 1144 2075 eallibam

104 2103 261 2162 elenibam
284 2104 450 2180 mollibam,
480 2107 636 2180 tamquam
658 2106 744 2163 venio
768 2107 865 2179 prima
888 2108 1025 2181 correpta
1048 2107 1143 2164 venie·

130 2195 207 2252 bam.
240 2212 342 2252 rursus
356 2211 448 2252 veneo
463 2195 560 2268 prima
576 2193 723 2268 producta
737 2193 884 2267 venibam,
902 2213 962 2252 non
976 2193 1144 2266 veniebam3

132 2283 220 2341 audio
244 2282 410 2357 audiebam,
434 2283 527 2340 audeo
552 2282 705 2341 audebam.

204 2381 316 2450 braym.
341 2381 433 2436 Paris.
458 2383 529 2450 (Ter.
550 2380 658 2450 Secum>
683 2381 776 2436 ch
791 2385 866 2447 35,1
894 2398 927 2435 ur
945 2381 1021 2436 enim
1043 2407 1103 2435 nuno
1120 2411 1146 2420 -

131 2467 247 2506 annonam.
345 2479 347 2484 ·

204 2577 335 2638 163ῒῆ
353 2539 380 2629 lb
398 2594 486 2646 genua
577 2577 699 2644 ideque
719 2579 737 2628 'i
758 2576 877 2629 abneeii.
914 2576 984 2628 fusti
998 2575 1146 2646 gramatici

131 2648 203 2702 liber
224 2651 262 2707 ᾡ
284 2649 321 2701 ad
336 2648 460 2712 aeeinum
475 2647 631 2716 pellionum
645 2648 701 2702 cod.
718 2647 752 2700 de
772 2664 827 2715 quo
842 2651 885 2700 eet
899 2648 931 2700 A.
947 2665 973 2715 g.
989 2646 1007 2701 l.
1023 2648 1060 2700 ad
1073 2647 1106 2699 A.
1117 2646 1145 2699 P.

132 2738 179 2774 em.
201 2721 299 2774 Usener
324 2721 359 2772 de
382 2736 437 2787 quo
461 2721 503 2772 est
526 2719 544 2772 1.
565 2720 601 2771 ad
619 2719 651 2772 A.
672 2718 701 2772 P.
721 2718 808 2772 Anieti
828 2718 911 2772 Fusci
933 2736 974 2788 gr.
999 2721 1147 2773 coniecerat

131 2792 232 2860 Haupt
323 2790 498 2862 tvenibam]
515 2791 652 2844 venebam
696 2855 698 2858 Α

487 2967 670 3021 INCERTAE
690 2967 790 3021 sums

632 3086 654 3143 2

199 3192 325 3267 genius
355 3194 408 3249 est
436 3190 579 3249 deorum
609 3191 713 3248 filius
738 3193 772 3248 et
794 3208 923 3265 parens
952 3190 1145 3263 hominum,

132 3296 171 3334 ex
200 3298 266 3353 quo
294 3281 454 3338 homines
483 3279 690 3357 gignuntur.
737 3280 771 3338 et
798 3281 991 3355 propterea
1019 3281 1145 3356 genius

130 3385 227 3426 meus
251 3371 465 3442 nominatur,
488 3370 574 3444 qnia
597 3388 649 3426 me
673 3371 807 3445 genuit.

203 3467 286 3522 Paul.
306 3468 428 3536 Festo.
449 3471 544 3549 94,16
571 3465 685 3535 genium
709 3466 892 3534 appellabant
880 3467 999 3520 tdeum
1022 3465 1073 3534 qui
1089 3465 1147 3519 vim

48 3414 286 3618 moret
286 3556 382 3596 rerum
402 3537 527 3594 omnium
544 3537 1037 3608 gerendarum.Anfnet't1ue:geniue
1054 3537 1149 3606 inquit
