2400 3824
109 185 175 250 550
273 184 480 239 Grammatieae
499 184 602 238 aetatis
620 183 780 254 Augusteae
799 183 959 253 fragmenta

180 350 196 397 3
223 361 238 398 e
264 346 328 399 odd.
356 346 484 400 Huschke
592 360 683 412 neque
711 345 776 398 add.
806 344 937 398 08188188
964 359 1019 396 neo
1049 361 1133 395 suum

110 419 262 472 Mommsen
369 422 386 468 4
409 417 452 470 his
471 432 535 470 vere
554 417 610 470 eod.
630 416 654 469 ie
674 415 737 468 hab.
758 416 903 484 rescripsi
925 415 950 467 ie
970 432 1054 467 suam
1072 429 1132 468 rem

109 489 237 542 Huschke
315 495 427 541 onemo
442 504 476 541 er
490 488 550 540 iure
565 486 705 551 Quiritum
715 488 784 541 corti.
796 488 927 542 08188188
1009 487 1134 555 tegunt

109 560 209 613 addidi·
298 561 351 612 81.
367 577 387 613 e.
407 561 482 628 q(uo)
502 559 557 628 d(e)
577 557 691 627 a(gitur)

529 693 571 749 16
602 685 705 770 [deest]

175 799 394 874 reciperatio
419 801 472 857 est
495 831 528 838 —
553 816 627 856 oum
650 799 748 856 inter
773 797 942 874 populum
967 800 1003 856 et
1026 813 1131 873 reges

109 888 347 962 nationesque
372 891 407 945 et
430 889 601 946 civitates
629 888 840 964 peregrinas
863 887 920 945 lex
944 885 1130 960 convenit,

110 977 284 1052 quomodo
316 997 380 1052 per
413 977 680 1051 reciperatores
717 976 915 1033 reddantur
948 995 1005 1034 res
1038 975 1130 1033 reoi-

109 1068 366 1141 perenturque,
407 1084 534 1141 resque
575 1067 759 1164 privatas
798 1065 894 1122 inter
930 1083 965 1122 88
1008 1082 1130 1139 perse-

110 1158 272 1229 quantur.

181 1245 253 1298 Fert.
269 1262 299 1313 p.
319 1248 401 1309 8711,
415 1247 451 1297 21
479 1258 611 1306 reciperatio
626 1261 665 1309 88,
687 1246 720 1296 ut
739 1244 780 1296 ait
799 1241 896 1296 Gallus
910 1241 1019 1309 Aelius,
1038 1267 1091 1296 cum
1104 1273 1129 1280 —

109 1332 274 1390 persequentia.
295 1316 330 1381 cf.
348 1316 432 1370 881
447 1316 484 1367 11
494 1319 561 1381 aee,
576 1319 619 1369 eo.
634 1321 697 1381 277,
712 1319 756 1369 32.
772 1316 953 1380 11188818.
975 1314 1074 1379 Vere,
1084 1317 1128 1367 88.

530 1459 572 1515 17
609 1458 686 1516 deest

176 1563 303 1640 relegati
317 1563 457 1624 dicuntur
469 1450 723 1639 proprie‚[quib}1s
741 1563 924 1640 ignominiae
943 1565 997 1620 aut
1014 1581 1127 1637 poenae

111 1670 201 1710 eausa
227 1671 344 1712 neeesse
372 1655 418 1712 est
441 1653 478 1711 ab
501 1653 574 1711 urbe
597 1653 692 1712 Roma
720 1653 817 1711 aliove
840 1671 899 1727 quo
927 1651 994 1709 loeo
1025 1651 1127 1709 abesse

110 1742 175 1818 tege
195 1745 373 1801 senatuusve
393 1742 527 1800 consulto
547 1743 715 1800 antedicto
734 1743 958 1818 magistratum,
981 1744 1018 1799 ut
1037 1743 1128 1799 etiam

111 1831 214 1888 Aelius
239 1830 342 1890 Gallus
365 1831 486 1888 indicat.

183 1921 255 1974 Fert.
270 1938 301 1988 p.
320 1925 437 1987 278b,6
461 1935 592 1984 88888-
606 1935 697 1974 nareae.
734 1920 769 1986 cf.
798 1920 866 1974 leid.
893 1935 931 1973 or.
963 1923 989 1985 5,
1013 1923 1063 1986 27,
1084 1923 1127 1974 29.

111 1991 171 2057 eeff.
191 1992 260 2046 888.
275 1995 337 2046 eoo.
373 1992 586 2058 88111381,
601 1997 644 2046 12.
678 1993 705 2046 V
719 1995 784 2058 388,
798 1996 841 2045 ro.
862 1994 925 2056 aar,
940 1995 985 2044 18.

184 2098 329 2170 lproprie
401 2115 490 2166 poene
581 2097 705 2168 31eges:
729 2098 856 2152 8881188.
948 2098 1128 2165 senatuique:

111 2186 159 2223 era.
179 2171 370 2235 Reitzenstein,
394 2170 468 2224 Vere.
489 2171 600 2225 Forseh.
618 2171 811 2237 88488181

548 2313 590 2370 18
615 2305 685 2390 [10]

179 2413 373 2495 <religiosum
400 2413 465 2495 ait>
493 2436 555 2477 8888
580 2416 684 2477 Gallus
706 2418 810 2476 Aelius
834 2416 913 2492 quod
940 2417 1059 2475 homini
1085 2417 1131 2475 ita

112 2506 208 2565 faeere
236 2526 295 2566 non
323 2508 425 2580 liceat,
453 2510 487 2564 ut
515 2507 540 2566 si
567 2507 600 2565 id
626 2507 719 2566 faeiat
746 2509 850 2565 eontra
878 2506 1000 2565 deorum
1024 2506 1130 2564 volun-

112 2598 206 2654 tatem
225 2596 363 2655 videatur
381 2597 486 2655 faeere.
524 2615 582 2671 quo
601 2598 633 2653 in
652 2615 758 2673 genere
778 2598 848 2654 sunt
865 2596 951 2654 haee:
972 2595 1005 2652 in
1025 2595 1132 2654 aedem

112 2685 214 2744 Bonae
242 2686 314 2744 deae
338 2685 436 2744 virum
462 2685 600 2761 introire,
633 2684 773 2744 adversus
801 2685 934 2760 auspicia
964 2683 1063 2759 legem
1093 2683 1132 2742 ad

86 2776 257 2850 epopulum
286 2775 377 2848 ferre,
408 2774 455 2832 die
485 2775 601 2832 nefasto
632 2774 711 2850 apud
741 2777 908 2848 praetorem
937 2773 1002 2848 lege
1032 2791 1130 2849 agere.

112 2865 191 2921 inter
214 2881 330 2922 saerum
359 2866 459 2921 autem
482 2866 512 2921 et
535 2866 669 2922 sanetum
693 2867 722 2921 et
744 2864 916 2939 religiosum
944 2861 1131 2920 differentias

112 2952 273 3010 bellissime
310 2953 418 3010 refert:
463 2971 579 3010 eaerum
616 2951 781 3010 aedificium
823 2952 1027 3010 consecratum
1064 2951 1131 3026 deo,

116 3045 254 3099 sanetum
273 3061 391 3099 murum
411 3043 462 3116 qui
481 3043 521 3099 sit
540 3043 651 3100 oiroum
671 3041 822 3117 oppidum,
844 3039 1016 3117 religiosum
1032 3041 1132 3115 sepul·

114 3148 197 3187 orum
215 3129 268 3188 ubi
285 3133 418 3188 mortuus
438 3131 572 3205 sepultus
593 3134 645 3189 aut
667 3130 807 3188 humatus
827 3131 875 3204 sit,
899 3127 971 3187 satis
991 3131 1130 3188 constare

74 3237 100 3276 ro
115 3219 171 3290 ait3
204 3219 255 3276 sed
283 3219 338 3276 illa
367 3219 559 3294 proportione
593 3219 721 3294 quadam
752 3220 781 3276 et
809 3216 992 3294 temporibus
1025 3218 1131 3277 eadem

113 3307 208 3365 videri
235 3325 334 3383 posse,
362 3308 387 3366 si
415 3307 534 3384 quidem
563 3308 641 3382 quod
668 3327 785 3366 saerum
812 3310 857 3366 est
883 3306 963 3365 idem
985 3307 1051 3383 lege
1077 3309 1131 3365 aut

113 3395 252 3456 instituto
281 3398 428 3454 maiorum
458 3400 593 3455 sanetum
621 3415 683 3456 esse
712 3398 829 3472 putant,
858 3390 933 3473 (ut)
960 3395 1070 3454 violari
1098 3395 1131 3454 id

114 3485 176 3544 sine
195 3505 291 3561 poena
310 3505 368 3544 non
391 3485 494 3561 possit.
531 3487 611 3544 idem
631 3487 805 3562 religiosum
824 3504 940 3561 quoque
959 3501 1032 3557 8888,
1055 3503 1130 3560 quo-

133 3573 190 3636 iam
213 3576 256 3638 sit
279 3575 396 3657 aliquid
420 3574 501 3654 quod
521 3575 567 3636 ibi
586 3575 703 3634 homini
723 3575 819 3632 faeere
843 3594 902 3633 non
925 3573 1023 3646 liceat,
1047 3573 1132 3649 quod
