2400 3824
120 199 188 264 408
273 199 479 254 Grammaticos
499 199 601 253 aetatis
620 199 811 252 Varronianus
829 197 996 268 fragmenta

81 377 109 418 ’θ
123 371 197 444 quin
212 369 330 426 etmihi
348 369 503 427 adversere
518 371 548 426 et
566 387 629 426 rem
647 367 799 445 publicam
816 364 981 445 profligas?
1022 366 1152 443 denique

123 477 201 534 quae
232 477 327 532 pausa
358 455 438 516 erit?
484 457 636 532 ecquando
669 456 787 516 desinet
815 456 933 515 familia
966 459 1079 515 nostra
1109 459 1150 515 ine

123 545 245 606 sanire?
281 546 434 622 ecquando
452 546 557 605 modus
577 547 605 604 ei
622 548 667 604 rei
689 545 792 605 haberi
815 543 950 622 poterit?
989 545 1149 621 ecquando

123 635 291 696 desinemus
320 639 350 695 et
376 635 519 694 habentes
548 637 578 693 et
605 634 782 710 praebentes
810 635 957 693 molestiis
985 631 1149 694 insistere?

123 725 276 800 ecquando
294 725 490 800 perpudesoet
508 725 659 783 miscenda
673 728 764 799 atque
781 723 986 800 perturbanda
1000 744 1037 782 re
1051 724 1149 800 publiss

82 824 108 864 ¹⁵
123 812 181 873 ca?
218 813 269 873 sed
293 815 319 873 si
342 815 462 873 omnino
490 813 522 872 id
549 813 615 872 fieri
641 832 702 872 non
728 816 840 891 potest,
867 812 920 871 ubi
944 831 1002 890 ego
1029 815 1149 873 mortus

123 922 181 978 ero,
210 903 305 978 petito
328 903 529 976 tribunatum3
558 922 612 978 per
634 922 681 962 me
704 902 796 962 facito
821 902 899 977 quod
921 901 1051 975 lubebit,
1080 922 1146 962 cum

124 1011 178 1069 ego
207 1011 267 1050 non
297 993 432 1052 sentiam.
478 991 530 1049 ubi
561 994 681 1050 mortua
711 1010 774 1066 erc,
806 990 980 1068 parentabis
1013 992 1092 1050 mihi
1119 994 1147 1050 et

122 1080 275 1140 invocabis
303 1081 391 1139 deum
421 1085 583 1156 parentem.
629 1082 660 1138 in
690 1099 723 1139 oo
747 1084 880 1156 tempore
907 1099 968 1139 non
992 1080 1091 1156 pudet
1117 1085 1146 1138 te

124 1189 227 1228 eorum
250 1170 337 1228 deum
361 1189 461 1246 preces
485 1173 629 1245 expetore,
653 1188 728 1245 quos
749 1170 833 1228 vivos
857 1172 947 1244 atque
970 1172 1146 1244 praesentas

82 1271 109 1312 ao
122 1259 243 1317 relictos
273 1263 364 1333 atque
394 1259 525 1318 desertos
554 1257 719 1317 habueris?
764 1279 800 1317 no
830 1259 882 1317 ille
911 1258 980 1318 sirit
1007 1258 1146 1335 Iuppiter

122 1350 153 1405 te
182 1367 217 1406 ea
244 1366 433 1422 perseverare
463 1365 517 1407 nec
543 1348 600 1406 tibi
627 1351 745 1406 tantam
773 1348 952 1406 dementiam
982 1348 1089 1407 venire
1116 1348 1145 1406 iu

123 1437 273 1495 animum!
319 1440 349 1495 et
377 1439 404 1496 si
430 1455 614 1514 perseveras
636 1451 749 1496 ‘vereor
768 1457 813 1515 ‘ne
840 1439 872 1495 in
900 1456 1020 1495 ornnem
1048 1439 1143 1496 vitam

122 1528 243 1584 tantum
273 1525 384 1584 laboris
413 1527 577 1602 culpatus
600 1526 741 1602 recipias,
771 1527 817 1584 uti
841 1528 877 1597 in*
896 1526 981 1585 nullo
1010 1529 1144 1602 tempore

121 1617 189 1672 tute
212 1613 269 1673 tibi
292 1615 408 1690 placere
431 1615 535 1690 possis.
932 1622 933 1626 ’
968 1618 970 1621 ’

194 1705 276 1758 Libri
295 1721 355 1758 mss.
377 1703 456 1758 Com.
477 1705 547 1772 Nep.
567 1705 605 1758 ad
628 1711 775 1759 extremum
793 1720 862 1758 verba
880 1730 908 1759 ex
927 1718 1025 1767 epistula
1045 1737 1080 1744 —
1100 1720 1143 1782 ψ(

122 1801 171 1829 aare
189 1789 266 1838 possis.

195 1880 209 1926 1
239 1888 385 1941 gracorum
411 1872 510 1926 matris
534 1889 567 1926 ex
590 1873 689 1928 eodem
711 1872 784 1927 libro
807 1871 930 1928 Cornelii
951 1872 1075 1942 Nepotis
1100 1890 1141 1927 ex-

123 1947 220 2013 cerpta
246 1945 325 2014 (cod.)
351 1945 520 2011 (immonsa)
545 1944 631 1997 verba
657 1943 801 1998 Corneliae
827 1944 1019 1998 Gracchorum
1045 1945 1141 1998 matris

123 2031 157 2068 ex
176 2015 291 2068 cornelii
310 2015 421 2084 nepotis
440 2015 513 2068 libro
532 2031 590 2068 exc.
611 2017 774 2084 Montanus)
848 2021 863 2068 2
884 2014 964 2087 hist]
983 2015 1141 2070 oratoribus

123 2087 283 2157 Nipperdey
301 2104 343 2155 op.
354 2104 385 2155 p.
400 2091 435 2171 99
509 2092 524 2139 6
543 2086 617 2140 malo
636 2090 775 2155 temperes
794 2087 894 2169 Barac,
913 2087 1014 2169 Philet.
1030 2093 1076 2154 16,
1091 2091 1142 2141 627

124 2158 471 2283 crassenses
487 2174 516 2226 ²⁰·
533 2163 586 2282 ¹51⁶
596 2157 1011 2295 incrassante
1024 2157 1142 2282 Ἥ

123 2303 170 2353 tae
192 2301 216 2354 G
290 2306 323 2353 13
342 2316 439 2354 eorum
457 2317 507 2354 om.
523 2302 562 2354 cd.
579 2300 731 2355 Sacarom'c
748 2317 874 2355 meorum
892 2302 967 2356 Roth
1041 2307 1076 2354 20
1096 2301 1142 2354 ad·

123 2376 217 2424 vers‘es
234 2371 259 2424 G
274 2387 329 2425 -see
345 2372 373 2426 R
442 2377 473 2425 21
491 2387 548 2440 qua
561 2371 589 2425 R
657 2378 690 2424 23
706 2371 796 2425 insist.
811 2373 900 2442 Nipp.
915 2371 1053 2426 desistere
1067 2371 1142 2426 codd.

124 2442 267 2495 dehiscere
277 2445 346 2497 coni.
358 2443 459 2497 Bacch.
530 2447 564 2494 28
579 2443 663 2496 deum
676 2443 716 2512 p.]
731 2444 766 2509 cs.
781 2443 899 2510 Jordan,
910 2444 1025 2498 Hermes
1035 2449 1081 2509 15,
1091 2448 1144 2498 530

177 2514 296 2582 pudebit
315 2516 416 2584 Haupt
433 2515 464 2567 ta
483 2515 570 2582 Nipp.
590 2531 632 2583 op.
648 2531 678 2582 p.
694 2519 750 2569 119

192 2746 294 2805 eodem
323 2749 456 2822 tempore
490 2740 560 2824 [quo
583 2746 747 2813 Platonem,
770 2740 947 2824 Dionysius]
980 2745 1144 2805 Philistum

124 2835 301 2894 historicum
320 2834 483 2910 Syracusas
501 2833 627 2908 reduxit,
651 2834 801 2892 hominem
821 2835 949 2894 amicum
967 2855 1029 2894 non
1047 2835 1145 2912 magis

124 2927 254 2998 tyranno
285 2942 375 2999 quam
405 2923 568 2998 tyrannidi„
620 2923 672 2982 sed
695 2924 730 2982 de
757 2924 814 2982 hoc
841 2927 872 2982 iu
896 2943 930 2983 oo
954 2923 1033 2983 libro
1056 2925 1147 3001 plura

126 3017 195 3070 sunt
219 3014 362 3087 exposita,
387 3012 438 3087 qui
460 3011 495 3070 de
518 3012 668 3071 historicis
692 3009 813 3072 Graecis
836 3014 1022 3088 conscriptus
1046 3016 1102 3072 est,

196 3103 230 3155 N
228 3119 266 3169 ep.
286 3102 372 3155 Dion.
388 3105 414 3167 3,
427 3106 447 3156 2
464 3117 596 3169 eodemque
611 3120 710 3164 tempore
725 3133 757 3142 -
773 3117 910 3165 conscriptus
924 3120 963 3157 est

198 3204 213 3251 3
232 3198 377 3267 tyrannidi
395 3200 557 3254 Aeceasius:
575 3200 703 3268 tyrannis
746 3243 748 3247 ,
829 3200 858 3254 iu
883 3217 915 3254 eo
939 3200 996 3254 cod.
1017 3201 1097 3254 Dan.
1122 3207 1147 3254 ct

125 3273 207 3325 Parc.
227 3269 256 3323 in
276 3285 308 3323 eo
326 3286 389 3324 mco
408 3273 464 3326 rell.

576 3407 595 3462 9
636 3408 678 3462 17
737 3419 738 3423 ’
823 3425 847 3440 „

68 3504 260 3600 quon
280 3501 450 3582 ignorare
469 3501 576 3561 debes
593 3399 700 3559 utrurd
717 3502 782 3560 hoc
802 3519 912 3578 genus
931 3500 1146 3560 Latinarum

220 3612 332 3658 'arum
358 3586 547 3679 [distortam]
569 3591 689 3652 adhuc
703 3607 778 3648 non
794 3589 899 3646 modo
917 3606 989 3644 nou
1000 3607 1144 3660 resnou·
