2400 3826
131 173 198 241 480
299 173 505 228 Grammaticae
526 175 628 228 aetatis
647 175 808 246 Augusteae
827 174 985 245 fragmenta

568 370 713 424 FALSUM

620 507 662 562 17

198 613 240 668 ut
277 611 383 685 folia,
426 630 514 686 quae
552 611 734 688 frugibus
772 611 937 670 arboreis
975 611 1151 688 tegmine

132 700 332 778 gignuntur

202 790 275 845 Serv.
290 807 315 860 9.
327 796 352 857 1,
363 793 398 844 55
419 789 539 843 ‘arborei
554 789 627 843 fetus
642 789 722 843 alibi'
739 789 769 842 id
784 792 827 843 eet
839 806 931 858 poma.
958 792 987 842 et
1002 789 1151 844 arboreum

131 861 219 932 [cum]
244 861 334 929 aliqui
357 861 466 915 duobus
489 861 580 915 modic
605 904 610 914 .
636 904 641 915 .
666 905 672 916 .
698 905 703 914 .
729 861 887 929 accipiunt3
914 861 998 914 aliter
1022 861 1098 915 enim
1122 860 1152 914 in

131 932 256 986 Aeneide
272 933 328 1004 [12,
337 933 404 1004 888]
421 933 454 985 de
469 932 526 986 telo
543 932 652 1002 ‘ingene
668 933 836 986 arboreum'.
865 931 1042 986 Cornificius:
1059 951 1085 986 ui
1095 947 1153 987 fone

131 1036 158 1043 -
167 1018 295 1068 gignuntur.
321 1022 383 1058 cam
397 1011 422 1058 et
430 1006 540 1073 poetica
554 1005 635 1059 verba
649 1011 674 1058 et
686 1005 794 1058 tiemari
807 1005 839 1057 ia
853 1005 914 1058 istie
927 1005 992 1070 aiat,
1004 1005 1151 1071 Gor-atficta

128 1082 236 1143 poetae,
262 1093 318 1131 aon
340 1078 518 1146 gratematieo
542 1083 637 1131 contra
656 1076 805 1146 Berqttum
828 1077 937 1141 tribum
964 1077 1014 1130 ubi
1036 1078 1152 1143 fortusse

132 1146 242 1201 Servius
256 1154 321 1216 poet
338 1148 418 1201 verba
439 1147 481 1202 ‘ut
498 1147 579 1213 folia'
600 1165 657 1202 aaa
675 1148 747 1201 altit
765 1148 862 1200 omisit.

506 1441 769 1528 ARTORIUS

203 1629 271 1696 quta
294 1628 424 1683 Artorius
448 1629 537 1682 Verrii
560 1636 656 1683 auctor
678 1630 749 1682 idem
771 1629 808 1683 eit
831 1645 863 1682 ae
884 1629 911 1682 0.
931 1629 1064 1683 Artorius
1082 1631 1152 1684 Pro-

132 1700 209 1753 eules
227 1700 324 1765 rhetor,
343 1701 375 1754 de
393 1718 445 1768 quo
465 1701 541 1767 apud
562 1700 654 1770 Quivit.
671 1705 769 1766 9,1,2
787 1701 888 1754 aetitia
909 1707 992 1766 extat,
1015 1702 1089 1755 nihil
1107 1703 1151 1756 ob-

131 1776 187 1823 stat
212 1773 256 1837 (cf.
281 1771 379 1837 Hertz,
406 1771 484 1824 State.
506 1771 572 1838 Gap.
594 1789 624 1839 p.
645 1777 697 1838 11,·
725 1774 805 1826 aliter
831 1771 966 1826 FSeltoell
992 1771 1031 1824 ad
1056 1774 1150 1826 Picti.

134 1841 193 1895 Cas.
215 1846 286 1898 6461.
334 1844 358 1897 te
384 1844 495 1896 ineunte
521 1844 577 1909 fere
602 1844 742 1913 Auyuetea
772 1850 859 1897 aetate
885 1844 949 1910 fuit.
997 1843 1032 1909 cf.
1058 1844 1151 1910 Klete,

131 1913 324 1984 Pauly-Wiee.
345 1915 408 1968 RE
429 1914 586 1984 2,1461l1.
624 1917 738 1982 Prcecp.
760 1917 825 1983 imp.
845 1915 924 1976 Rom.
948 1914 1151 1984 1156111775

504 2110 779 2177 FRAGMENTA

628 2264 645 2318 1

200 2368 339 2426 Artorius
362 2368 533 2443 prooemia,
558 2387 634 2442 quae
658 2370 729 2426 sunt
753 2371 821 2426 ante
845 2370 951 2426 cestra.

203 2466 285 2520 Paul.
301 2467 373 2520 Feet.
385 2484 415 2534 p.
430 2469 541 2531 225,12
560 2465 713 2534 proeeetria
730 2497 766 2505 —
784 2465 880 2519 Aelius
900 2466 947 2536 [fr.
963 2465 1023 2536 31];
1048 2480 1152 2522 Ariorum

131 2571 157 2578 -
171 2556 249 2592 caena.
285 2539 371 2591 etiam
399 2536 448 2605 qui
470 2555 526 2590 non
549 2537 655 2590 habent
679 2539 785 2603 caetra,
808 2537 1022 2606 propugnacula
1047 2539 1150 2606 quibus

132 2627 181 2678 pro
201 2610 299 2663 eastris
318 2610 436 2671 utuntur
455 2608 613 2661 aedificant.
648 2608 681 2674 ef.
699 2608 778 2662 Char.
799 2626 853 2663 exc.
869 2627 898 2676 p.
916 2612 1040 2675 550,12.
1075 2611 1151 2666 OGL

130 2683 170 2740 ΙΙ
180 2686 244 2747 eet,
259 2686 303 2735 67.
323 2685 387 2746 381,
402 2685 444 2734 13.
470 2681 497 2733 V
507 2683 569 2745 475,
584 2684 627 2734 54.

625 2815 648 2872 2

198 2919 401 2995 tentipellium
424 2918 562 2977 Artorius
590 2922 680 2994 putet
708 2937 771 2978 esse
799 2918 1029 2978 calciamentum
1057 2920 1150 2980 ferra-

134 3011 209 3082 tum,
233 3028 292 3083 quo
310 3009 403 3084 pelles
425 3008 632 3082 extenduntur,
655 3008 792 3083 idemque
811 3007 969 3065 Afranium
989 3007 1101 3068 dixisse
1121 3011 1150 3067 in

131 3097 239 3156 Promo
271 3091 310 3176 [e.
325 3098 390 3156 281
410 3089 539 3175 Rttb.³]:
573 3092 641 3172 ‘pro
672 3097 808 3156 manibus
837 3097 923 3155 credo
953 3096 1065 3156 habere
1096 3118 1150 3176 ego

132 3187 200 3246 illos
224 3182 449 3261 tentipellium'.

202 3278 233 3330 F
231 3283 275 3331 881.
286 3294 316 3344 p.
328 3279 408 3342 364b,
419 3280 454 3329 16
467 3290 616 3337 tentipellium
629 3308 656 3314 -
669 3290 683 3329 i.
695 3290 849 3338 tentipellium.
879 3275 1039 3329 Titinnium
1054 3281 1149 3333 autem

131 3347 246 3401 Verrius
265 3347 433 3414 existimare,
456 3347 486 3399 id
505 3347 741 3401 medicamentum
764 3363 836 3413 esee,
860 3363 915 3415 quo
937 3363 1027 3416 rugae
1053 3352 1150 3404 exten·

127 3419 239 3488 dantur,
252 3436 316 3474 cum
327 3419 404 3472 dicat
415 3419 450 3492 [c.
459 3423 513 3472 173
523 3417 630 3489 Recte]
648 3417 849 3486 ‘tentipellium
858 3417 1010 3484 inducitur,
1021 3437 1111 3490 rugae
1121 3423 1149 3474 in

113 3507 166 3546 ore
178 3492 398 3562 extenduntur'‚
414 3509 478 3548 eum
493 3489 543 3548 ille
556 3498 696 3561 tenaciae
711 3489 820 3544 dixerit.
847 3490 880 3555 cf.
893 3489 971 3544 OGL
985 3491 1099 3560 11196,
1107 3498 1149 3549 54.

178 3590 198 3638 2
217 3586 352 3660 indeque
373 3607 420 3665 vy.
