2400 3824
101 171 167 235 216
249 169 455 225 Grammaticos
475 171 578 225 aetatis
597 170 789 226 Varronionae
807 171 969 240 fngmenta

101 331 136 384 ab
150 332 200 385 boo
213 347 290 399 opere
309 332 402 385 drona
416 348 473 385 noo
485 338 551 385 sunt
569 331 615 398 (os.
631 331 696 397 Leo,
712 332 827 385 Hermes
840 335 885 384 39.
901 335 1011 400 190412.
1023 335 1118 400 758q.),

101 407 192 455 tameo
217 403 298 456 etiam
323 403 355 455 io
380 403 445 457 aliis
470 403 549 456 lebria
573 419 628 456 esse
648 409 800 470 potuerunt
831 404 875 471 (cs.
898 403 990 470 praef.
1014 403 1054 456 od
1078 403 1119 456 De

99 476 234 542 poemat).
271 475 440 528 certioretur
457 473 492 539 fr.
509 477 565 527 308
585 474 685 540 referre
699 475 798 542 possis.

585 627 629 682 70

168 731 214 788 lib.
234 730 261 786 Ι.
308 749 384 789 eum
416 731 530 788 multa
563 732 734 806 portenta
767 731 901 789 fierent
933 735 968 790 et
1000 749 1118 789 murus

101 837 140 877 ao
171 821 299 894 turris,
331 839 421 895 quae
454 822 537 878 sunt
568 821 665 878 inter
697 822 839 894 portam
872 818 1055 879 Collinam
1088 825 1120 879 et

101 907 341 984 Esquilinam,
372 909 413 966 de
436 909 535 967 caelo
563 912 662 967 taeta
690 912 810 967 essent
833 911 868 966 et
894 908 976 968 ideo
1004 909 1119 969 libros

101 996 302 1072 Sibyllinos
321 997 376 1055 XV
395 997 466 1056 viri
486 997 661 1071 adissent,
685 1001 944 1056 renuntiarunt
966 1001 1023 1056 uti
1042 999 1120 1056 Diti

73 1087 199 1162 spatri
236 1089 270 1143 et
306 1086 546 1161 Proserpinae
583 1087 660 1144 ludi
694 1087 886 1145 Tarentini
921 1088 958 1144 in
996 1105 1119 1163 eampo

99 1174 231 1233 Martio
262 1175 397 1234 fierent
425 1175 544 1234 tribus
568 1176 736 1234 noctibus
762 1179 797 1234 et
819 1177 963 1234 hostiae
993 1176 1119 1235 furvae

99 1264 382 1337 immolarentur,
406 1267 532 1340 utique
551 1264 628 1322 ludi
647 1267 843 1324 centesimo
867 1284 1008 1341 quoque
1029 1283 1119 1324 anno

98 1353 241 1411 fierent.

172 1443 279 1498 Censor.
303 1442 329 1495 d.
353 1459 381 1495 o.
406 1446 451 1508 17,
472 1447 492 1496 8
516 1441 605 1496 Varro
633 1443 669 1496 de
697 1443 833 1497 scaenicis
861 1443 1020 1512 originibus
1048 1443 1118 1497 libro

95 1512 250 1654 §rigago
264 1513 401 1582 seriptum
415 1512 542 1582 reliquit:
561 1540 612 1567 eum
626 1530 732 1568 mulu-
741 1529 825 1568 flerent.
844 1516 878 1581 of.
896 1515 1040 1569 Uiebwius
1053 1515 1118 1569 ibid

172 1679 185 1726 1
206 1690 299 1726 muros
314 1673 400 1728 Vatia
420 1677 494 1728 4929
553 1679 568 1726 3
588 1676 681 1727 traete
696 1676 781 1729 Vatia
802 1676 839 1729 id.
899 1681 925 1728 4.
944 1674 1005 1728 XV.
1027 1675 1118 1730 Gelon.

99 1743 157 1798 XII.
183 1746 268 1800 Vatia.
288 1746 325 1799 id.
346 1752 370 1799 et
388 1747 483 1799 leserit.
504 1745 652 1799 duodecim
677 1748 762 1801 Votis.
784 1750 857 1800 4498
876 1746 901 1798 Χ
920 1746 1076 1801 Mommsen

587 1899 628 1954 71

166 2004 183 2059 l.
203 2003 229 2060 I.
275 2005 409 2061 matres
432 2001 595 2060 familiae

171 2100 252 2154 Utor.
268 2117 298 2169 p.
320 2105 381 2166 107,
399 2104 437 2154 23
460 2103 504 2169 (=
524 2102 600 2154 Plio.
620 2102 683 2155 dub.
703 2118 780 2155 serm.
796 2119 825 2170 p.
846 2103 976 2170 3,16B.)
1001 2105 1031 2156 et
1055 2102 1119 2156 ideo

98 2171 186 2224 etiam
204 2190 286 2226 marre·
304 2186 319 2226 r.
338 2170 427 2225 Varro
446 2172 520 2224 dixit
538 2174 573 2225 de
593 2172 729 2226 scaenicis
748 2173 904 2242 originibus
924 2173 1024 2242 primo.

585 2325 629 2381 72

165 2428 183 2485 t.
203 2428 229 2485 Ι.
276 2428 339 2486 sub
363 2429 547 2486 Ruminali
571 2430 644 2487 fiou

171 2527 252 2582 door.
268 2544 297 2595 p.
318 2531 381 2592 127,
395 2531 432 2581 29
451 2529 496 2596 (--
515 2528 592 2580 Plio.
612 2527 675 2581 dub.
690 2545 768 2582 serm.
785 2545 814 2596 p.
830 2533 875 2594 17,
891 2530 981 2597 1313.)
1001 2528 1070 2583 ficus
1085 2561 1119 2569 -

97 2597 187 2739 {³35⁰
202 2614 318 2723 guoque
337 2599 372 2651 de
391 2598 528 2652 scoenicis
548 2598 704 2668 originibus
723 2597 796 2653 libro
815 2597 827 2650 Ι
846 2615 887 2653 sus
902 2613 927 2652 R.
943 2613 958 2652 r.
978 2601 1014 2666 of.
1037 2600 1118 2655 OEsor.

587 2805 629 2860 73

166 2909 183 2965 l.
207 2908 254 2966 II.
301 2927 318 2964 a
343 2906 494 2966 Claudio
518 2908 672 2968 Pulchro
697 2908 814 2967 aedile
838 2903 880 2987 [o.
906 2903 1039 2989 665s99]

171 3006 251 3060 Char.
267 3023 297 3073 p.
318 3010 431 3071 120,17
459 3008 503 3075 (=
518 3008 593 3061 Plio.
613 3008 676 3062 dub.
695 3024 772 3061 seror.
788 3025 817 3076 p.
837 3012 864 3073 8,
879 3009 948 3076 oB.)
973 3008 1067 3062 aedile
1085 3040 1120 3050 —

99 3075 187 3130 Varro
211 3077 246 3130 de
270 3076 426 3145 originibus
450 3078 585 3132 scaenicis
603 3077 629 3130 ΙΙ
652 3104 666 3131 a
684 3091 715 3132 or.
730 3093 753 3132 P.
768 3093 818 3132 aad.
839 3078 899 3133 Vol.
920 3081 1002 3134 Mox.
1017 3085 1046 3146 2,
1060 3084 1086 3146 4,
1102 3085 1120 3135 6

99 3145 138 3201 01.
148 3147 269 3201 Pulcher
287 3164 418 3201 scaenam
435 3148 572 3202 varietate
592 3149 715 3203 colorum
735 3150 921 3218 adumbravit,
941 3151 1039 3205 vacuis
1053 3154 1121 3207 ante

97 3220 209 3288 pictura
227 3218 331 3272 tabulis
351 3221 501 3273 extentam.
522 3220 555 3273 de
570 3220 687 3275 Claudio
702 3222 737 3286 cf.
752 3221 868 3288 Rinchz,
887 3221 1002 3293 Parery.
1018 3241 1048 3291 p.
1064 3227 1122 3277 320

98 3291 163 3344 odo.
179 3297 204 3344 et
222 3296 317 3344 oootra
329 3291 431 3345 Oicbor.
447 3292 514 3345 ibid.
526 3309 555 3358 p.
567 3296 663 3361 422sq.
681 3295 814 3346 Mueorer
828 3294 894 3346 ibid.
907 3309 935 3361 p.
947 3299 1000 3348 145
1014 3295 1080 3348 ado.
1097 3301 1112 3349 1

587 3446 629 3503 74

93 3542 96 3549 ’
133 3547 152 3603 l.
177 3548 255 3610 ΠΙ,
297 3556 443 3616 matres
470 3553 648 3617 familiae
