2400 3824
112 152 178 217 568
279 150 486 206 Grammaticae
505 151 608 204 aetatis
626 151 787 220 Augusteae
806 149 968 220 fragmenta

428 323 469 378 17
495 313 555 398 [De
577 321 641 378 inre
658 323 740 392 pont.
761 313 817 398 19]

181 445 260 504 Sero.
279 446 359 505 Dan.
378 442 452 503 Aen.
472 449 500 513 1,
514 446 580 503 273
604 435 728 525 (Roma)
753 469 795 491 =
814 442 919 503 Ateins
936 444 1014 503 Phil.
1033 446 1073 518 fr,
1092 448 1134 502 14

180 622 324 685 praeterea
347 617 487 684 plurimos
515 616 594 669 Festi
624 617 728 685 placens
755 615 836 668 Ateio
863 614 1052 670 vindicandae
1079 631 1135 670 ease

114 689 298 743 Reitzenstein
307 688 400 742 doenit
418 687 507 756 (Verr.
519 687 631 740 Forsele.
646 704 676 755 p.
691 690 737 739 29.
757 690 839 754 itaq.
859 690 941 753 torp.
962 689 1005 740 53.
1026 691 1078 753 54,·
1097 688 1133 753 ef.

114 761 196 814 etiarn
212 759 332 828 Grnppe,
347 759 421 813 Bert.
432 759 502 826 phil.
524 758 613 812 Woeb.
626 761 697 812 1883
711 774 741 825 p.
755 761 808 811 467
826 763 851 810 et
870 757 986 824 Witters,
1003 759 1038 812 de
1057 758 1133 812 Vere.

114 831 160 884 Fe.
184 831 296 900 plossar.
320 832 433 898 interpr.
452 832 604 898 p.10sq.).
646 829 678 883 ote
699 831 790 899 plesco
812 834 903 882 tomen
927 829 1031 883 ‘solido
1054 829 1131 884 sella’

109 919 140 970 p.
160 905 241 967 ereb,
257 905 293 955 17
312 903 356 969 (cf.
376 902 463 955 Reitr.
478 918 509 969 p.
524 904 570 969 13)
588 901 751 955 vehementer
768 901 850 954 etiam
871 901 943 952 bone
962 901 994 955 ob
1019 916 1134 955 cansam

113 973 217 1038 dubito,
241 973 312 1041 qnod
337 974 369 1026 in
387 974 456 1041 epeia
478 974 642 1041 septenam
664 972 752 1026 verbis
774 971 923 1037 referendis
941 973 1045 1028 Fertne
1067 988 1133 1026 nna·

114 1061 197 1113 qaum
221 1044 278 1097 ‘nt’
298 1045 514 1098 coniunctionem
538 1050 601 1098 ante
621 1043 688 1097 ‘nit’
714 1043 823 1097 verbnm
846 1043 958 1109 omittit,
980 1045 1056 1100 sient
1077 1045 1133 1098 lti'c:

114 1114 206 1170 solida
225 1113 302 1180 sella,
321 1114 441 1187 At<eius
461 1113 559 1182 Capito
579 1114 620 1168 ait
621 1155 734 1181 .....
755 1113 872 1185 sedere>
891 1113 1007 1168 iubetur
1026 1122 1072 1170 ete.

495 1430 537 1513 Τ.
571 1427 746 1514 LIVIUS

190 1632 282 1701 Qnint.
299 1638 323 1698 1,
344 1636 369 1698 7,
386 1635 423 1686 24
442 1631 501 1685 sibe
521 1635 550 1684 et
568 1647 654 1700 quase
673 1631 810 1700 seriptum
828 1631 859 1683 in
877 1630 1035 1686 multorum
1053 1632 1136 1687 libris

115 1705 166 1770 est,
186 1703 234 1757 sed
254 1720 288 1756 an
308 1703 361 1757 hoc
383 1702 524 1759 voluerint
547 1707 674 1757 auctores
697 1702 800 1756 nescio.
838 1701 868 1755 T.
888 1701 1000 1758 Livium
1024 1704 1068 1758 ita
1091 1704 1137 1758 his

115 1791 197 1827 usum
216 1792 249 1828 ex
267 1774 392 1828 Pediano
412 1773 543 1843 comperi,
563 1775 611 1842 qui
630 1774 737 1843 etipse
757 1791 820 1828 eum
840 1773 1021 1841 sequebatur.

315 2105 623 2190 IMPERATUR
653 2103 927 2191 AUGUSTUS

489 2309 756 2375 TESTIMONIA

187 2476 210 2526 1.
230 2472 301 2526 Snet.
322 2472 394 2540 Anp.
410 2475 448 2524 87
472 2469 568 2523 notavi
592 2473 620 2522 et
642 2469 672 2522 in
691 2469 877 2538 chirographo
897 2468 957 2522 eius
981 2468 1034 2522 illa
1053 2485 1135 2538 prae-

115 2543 209 2612 cipue:
229 2559 284 2596 non
304 2542 406 2597 dividit
423 2541 509 2596 verba
527 2557 579 2595 nec
598 2540 633 2594 ab
653 2544 777 2594 extrema
794 2543 875 2610 parte
893 2556 1025 2594 versuum
1045 2541 1135 2594 abuu-

115 2615 208 2668 dantis
227 2614 337 2667 litteras
356 2613 386 2665 in
405 2613 525 2667 alterum
544 2612 690 2678 transfert,
714 2611 763 2666 sed
786 2610 893 2666 ibidem
911 2611 1010 2666 statim
1029 2611 1136 2666 subicit

116 2685 362 2753 circumducitqus.
405 2684 641 2753 orthographiam,
674 2683 705 2735 id
732 2685 775 2736 est
802 2682 952 2736 formulam
979 2681 1133 2738 rationem·

88 2756 329 2881 oqpletscribendi
349 2772 366 2808 a
384 2755 575 2880 {rammatieis
594 2755 766 2837 institutam,
789 2771 846 2836 non
864 2754 935 2878 adelo
954 2754 1086 2879 miiiffii
1102 2771 1134 2807 ac

115 2845 142 2880 vr
164 2843 339 2882 aureorum
378 2842 585 2880 o1usseu10
607 2842 802 2892 mronem,qu1
840 2841 901 2880 erm
922 2841 1007 2879 esen
1028 2841 1066 2879 cn
1087 2843 1134 2878 um

116 2915 149 2951 ac
167 2899 315 2965 loquamur
333 2844 520 2952 existiment.q
538 2844 605 2950 narii
628 2896 703 2966 quod
727 2913 809 2965 saepe
820 2844 889 2950 pnon
910 2895 1023 2951 litteras
1048 2897 1133 2952 modo

116 2970 165 3022 sed
188 2969 312 3037 syllabas
336 2972 386 3023 aut
407 2971 550 3038 permutat
572 2971 622 3022 aut
644 2968 788 3037 praeterit,
807 2968 962 3021 communis
985 2968 1134 3022 hominum

117 3057 192 3093 error
217 3044 267 3094 est.
304 3057 355 3094 nec
381 3057 433 3110 ego
459 3039 489 3092 id
514 3041 653 3106 notarem,
679 3039 734 3092 nisi
761 3038 831 3092 mihi
858 3039 960 3092 mirum
988 3039 1136 3094 videretur

77 3121 102 3160 10
115 3111 267 3166 tradidisse
295 3112 403 3180 aliquos
428 3111 523 3180 legato
550 3129 613 3164 eum
640 3110 779 3164 consulari
806 3127 999 3172 successorem
1022 3110 1135 3165 dedisse

116 3186 148 3235 ut
165 3183 229 3236 rudi
248 3187 277 3236 et
294 3182 418 3249 indocto,
437 3184 516 3236 cuius
534 3200 620 3235 manu
638 3182 677 3235 ixi
696 3199 746 3250 pro
765 3182 821 3250 ipsi
844 3181 979 3250 scriptum
1004 3181 1134 3235 animad-

115 3254 237 3308 verterit.
275 3257 309 3322 cf.
330 3256 485 3320 Buecheler,
504 3255 536 3308 de
559 3256 583 3308 T
581 3257 599 3308 i.
621 3253 659 3307 Ol.
680 3255 754 3309 Oetes.
773 3270 886 3323 promen.
901 3271 931 3322 p.
946 3257 1010 3321 deq.

186 3347 213 3398 2.
235 3343 369 3413 Quinti,
390 3348 415 3409 7,
433 3347 472 3398 22
489 3343 555 3396 here
574 3360 648 3396 nuno
667 3358 682 3395 e
700 3341 797 3395 littera
815 3339 1013 3410 terminamus,
1033 3345 1066 3396 at
1088 3357 1135 3396 ve·

116 3413 207 3468 terum
226 3415 395 3468 comicorum
414 3415 505 3468 adhue
524 3413 603 3467 libris
618 3413 730 3467 invenio
745 3411 818 3466 ‘heri
833 3413 869 3466 ad
883 3428 928 3466 me
942 3413 1043 3480 venit’,
1058 3413 1135 3482 quod

75 3390 192 3600 hidem
214 3487 242 3539 in
268 3485 397 3555 epistulis
415 3485 548 3555 Augusti,
572 3502 641 3553 quas
666 3502 716 3538 sua
734 3502 819 3538 manu
838 3483 952 3553 scripsit
970 3486 1022 3539 aut
1041 3501 1135 3539 emen·

117 3554 202 3628 davit,
223 3557 412 3629 deprenditur.
450 3559 484 3626 cf.
504 3557 575 3613 Snet.
596 3558 669 3627 Anp.
690 3560 732 3610 71.
