<?xml version="1.0" encoding="UTF-8"?>
<!DOCTYPE html PUBLIC "-//W3C//DTD XHTML 1.0 Transitional//EN"
    "http://www.w3.org/TR/xhtml1/DTD/xhtml1-transitional.dtd">
<html xmlns="http://www.w3.org/1999/xhtml" xml:lang="en" lang="en">
 <head>
  <title>
</title>
<meta http-equiv="Content-Type" content="text/html;charset=utf-8" />
  <meta name='ocr-system' content='tesseract 3.04.00' />
  <meta name='ocr-capabilities' content='ocr_page ocr_carea ocr_par ocr_line ocrx_word'/>
</head>
<body>
  <div class='ocr_page' id='page_1' title='image "./grammaticaeroma02funagoog_0209.png"; bbox 0 0 2400 3824; ppageno 0'>
   <div class='ocr_carea' id='block_1_1' title="bbox 138 165 1004 239">
    <p class='ocr_par' dir='ltr' id='par_1_1' title="bbox 138 165 1004 239">
     <span class='ocr_line' id='line_1_1' title="bbox 138 165 1004 239; baseline 0.001 -18"><span class='ocrx_word' id='word_1_1' title='bbox 138 167 202 229; x_wconf 79' lang='grc'><strong><em>174</em></strong></span> <span class='ocrx_word' id='word_1_2' title='bbox 283 165 490 221; x_wconf 83' lang='lat' dir='ltr'>Grammatieae</span> <span class='ocrx_word' id='word_1_3' title='bbox 510 167 612 222; x_wconf 87' lang='lat' dir='ltr'>aetatis</span> <span class='ocrx_word' id='word_1_4' title='bbox 632 167 824 222; x_wconf 82' lang='lat' dir='ltr'>Varronianae</span> <span class='ocrx_word' id='word_1_5' title='bbox 843 167 1004 239; x_wconf 83' lang='lat' dir='ltr'>fragmenta</span> 
     </span>
    </p>
   </div>
   <div class='ocr_carea' id='block_1_2' title="bbox 94 332 1152 1480">
    <p class='ocr_par' dir='ltr' id='par_1_2' title="bbox 94 332 1152 1480">
     <span class='ocr_line' id='line_1_2' title="bbox 135 332 1151 411; baseline 0.002 -18"><span class='ocrx_word' id='word_1_6' title='bbox 135 335 268 410; x_wconf 88' lang='lat' dir='ltr'>positum</span> <span class='ocrx_word' id='word_1_7' title='bbox 286 354 340 410; x_wconf 93' lang='lat' dir='ltr'>pro</span> <span class='ocrx_word' id='word_1_8' title='bbox 359 338 394 394; x_wconf 91' lang='lat' dir='ltr'>ut</span> <span class='ocrx_word' id='word_1_9' title='bbox 411 336 678 411; x_wconf 82' lang='lat' dir='ltr'><strong>planissimumque</strong></span> <span class='ocrx_word' id='word_1_10' title='bbox 697 355 768 410; x_wconf 85' lang='lat' dir='ltr'>esse,</span> <span class='ocrx_word' id='word_1_11' title='bbox 789 335 814 395; x_wconf 90' lang='lat' dir='ltr'>si</span> <span class='ocrx_word' id='word_1_12' title='bbox 832 337 876 394; x_wconf 86' lang='lat' dir='ltr'>ita</span> <span class='ocrx_word' id='word_1_13' title='bbox 895 337 990 395; x_wconf 84' lang='lat' dir='ltr'>dicas:</span> <span class='ocrx_word' id='word_1_14' title='bbox 1015 332 1151 396; x_wconf 84' lang='lat' dir='ltr'>‘Romam</span> 
     </span>
     <span class='ocr_line' id='line_1_3' title="bbox 135 421 1149 500; baseline 0.001 -19"><span class='ocrx_word' id='word_1_15' title='bbox 135 423 231 498; x_wconf 68' lang='lat' dir='ltr'>venit,</span> <span class='ocrx_word' id='word_1_16' title='bbox 254 426 303 482; x_wconf 85' lang='lat' dir='ltr'>vix</span> <span class='ocrx_word' id='word_1_17' title='bbox 327 427 448 499; x_wconf 86' lang='lat' dir='ltr'>superat</span> <span class='ocrx_word' id='word_1_18' title='bbox 470 427 504 482; x_wconf 91' lang='lat' dir='ltr'>ut</span> <span class='ocrx_word' id='word_1_19' title='bbox 526 426 696 500; x_wconf 85' lang='lat' dir='ltr'>triumphus</span> <span class='ocrx_word' id='word_1_20' title='bbox 719 421 916 500; x_wconf 84' lang='lat' dir='ltr'>decernatur&#39;3</span> <span class='ocrx_word' id='word_1_21' title='bbox 939 427 1013 484; x_wconf 89' lang='lat' dir='ltr'>item</span> <span class='ocrx_word' id='word_1_22' title='bbox 1037 427 1097 484; x_wconf 90' lang='lat' dir='ltr'>alio</span> <span class='ocrx_word' id='word_1_23' title='bbox 1120 428 1149 484; x_wconf 94' lang='lat' dir='ltr'>in</span> 
     </span>
     <span class='ocr_line' id='line_1_4' title="bbox 95 507 1149 590; baseline 0.004 -21"><span class='ocrx_word' id='word_1_24' title='bbox 95 529 121 569; x_wconf 81' lang='grc'>11</span> <span class='ocrx_word' id='word_1_25' title='bbox 135 514 213 571; x_wconf 83' lang='grc' dir='ltr'><strong><em>100οε</em></strong></span> <span class='ocrx_word' id='word_1_26' title='bbox 251 507 355 588; x_wconf 81' lang='lat' dir='ltr'>‘paene</span> <span class='ocrx_word' id='word_1_27' title='bbox 392 514 506 572; x_wconf 87' lang='lat' dir='ltr'>factum</span> <span class='ocrx_word' id='word_1_28' title='bbox 538 517 583 572; x_wconf 88' lang='lat' dir='ltr'>est</span> <span class='ocrx_word' id='word_1_29' title='bbox 615 517 650 572; x_wconf 92' lang='lat' dir='ltr'>ut</span> <span class='ocrx_word' id='word_1_30' title='bbox 686 519 784 573; x_wconf 84' lang='lat' dir='ltr'>castra</span> <span class='ocrx_word' id='word_1_31' title='bbox 819 516 1023 590; x_wconf 79' lang='lat' dir='ltr'>relinquerent</span> <span class='ocrx_word' id='word_1_32' title='bbox 1059 519 1149 589; x_wconf 88' lang='lat' dir='ltr'>atque</span> 
     </span>
     <span class='ocr_line' id='line_1_5' title="bbox 135 596 1151 679; baseline 0.002 -20"><span class='ocrx_word' id='word_1_33' title='bbox 135 601 272 660; x_wconf 87' lang='lat' dir='ltr'>cederent</span> <span class='ocrx_word' id='word_1_34' title='bbox 294 596 393 660; x_wconf 87' lang='lat' dir='ltr'>hosti&#39;.</span> <span class='ocrx_word' id='word_1_35' title='bbox 436 603 487 661; x_wconf 90' lang='lat' dir='ltr'>sed</span> <span class='ocrx_word' id='word_1_36' title='bbox 509 605 634 661; x_wconf 88' lang='lat' dir='ltr'>utantur</span> <span class='ocrx_word' id='word_1_37' title='bbox 656 621 735 678; x_wconf 87' lang='lat' dir='ltr'>sane,</span> <span class='ocrx_word' id='word_1_38' title='bbox 759 604 810 679; x_wconf 92' lang='lat' dir='ltr'>qui</span> <span class='ocrx_word' id='word_1_39' title='bbox 833 605 897 661; x_wconf 90' lang='lat' dir='ltr'>tam</span> <span class='ocrx_word' id='word_1_40' title='bbox 921 604 1053 679; x_wconf 83' lang='lat' dir='ltr'>expediti</span> <span class='ocrx_word' id='word_1_41' title='bbox 1075 608 1151 678; x_wconf 86' lang='lat' dir='ltr'>sunt,</span> 
     </span>
     <span class='ocr_line' id='line_1_6' title="bbox 134 691 1150 770; baseline 0.002 -22"><span class='ocrx_word' id='word_1_42' title='bbox 134 692 279 768; x_wconf 86' lang='lat' dir='ltr'>perfugiis</span> <span class='ocrx_word' id='word_1_43' title='bbox 298 693 565 751; x_wconf 76' lang='lat' dir='ltr'>commutationum</span> <span class='ocrx_word' id='word_1_44' title='bbox 583 694 616 749; x_wconf 91' lang='lat' dir='ltr'>in</span> <span class='ocrx_word' id='word_1_45' title='bbox 633 691 739 768; x_wconf 87' lang='lat' dir='ltr'>verbis,</span> <span class='ocrx_word' id='word_1_46' title='bbox 759 711 835 769; x_wconf 92' lang='lat' dir='ltr'>quae</span> <span class='ocrx_word' id='word_1_47' title='bbox 849 711 908 750; x_wconf 91' lang='lat' dir='ltr'>non</span> <span class='ocrx_word' id='word_1_48' title='bbox 926 693 1150 770; x_wconf 84' lang='lat' dir='ltr'>intelleguntur,</span> 
     </span>
     <span class='ocr_line' id='line_1_7' title="bbox 134 780 1151 856; baseline 0.003 -19"><span class='ocrx_word' id='word_1_49' title='bbox 134 783 259 838; x_wconf 90' lang='lat' dir='ltr'>utantur</span> <span class='ocrx_word' id='word_1_50' title='bbox 282 789 391 856; x_wconf 85' lang='lat' dir='ltr'>tamen,</span> <span class='ocrx_word' id='word_1_51' title='bbox 414 780 465 838; x_wconf 92' lang='lat' dir='ltr'>ubi</span> <span class='ocrx_word' id='word_1_52' title='bbox 488 780 519 838; x_wconf 94' lang='lat' dir='ltr'>id</span> <span class='ocrx_word' id='word_1_53' title='bbox 537 782 634 840; x_wconf 88' lang='lat' dir='ltr'>facere</span> <span class='ocrx_word' id='word_1_54' title='bbox 657 784 807 856; x_wconf 86' lang='lat' dir='ltr'>potenmt,</span> <span class='ocrx_word' id='word_1_55' title='bbox 830 782 1034 840; x_wconf 85' lang='lat' dir='ltr'>verecundius.</span> <span class='ocrx_word' id='word_1_56' title='bbox 1076 783 1151 841; x_wconf 91' lang='lat' dir='ltr'>hanc</span> 
     </span>
     <span class='ocr_line' id='line_1_8' title="bbox 134 870 1152 946; baseline 0.001 -19"><span class='ocrx_word' id='word_1_57' title='bbox 134 888 204 928; x_wconf 81' lang='lat' dir='ltr'>vero</span> <span class='ocrx_word' id='word_1_58' title='bbox 232 871 424 944; x_wconf 77' lang='lat' dir='ltr'>particulam,</span> <span class='ocrx_word' id='word_1_59' title='bbox 457 870 492 928; x_wconf 93' lang='lat' dir='ltr'>de</span> <span class='ocrx_word' id='word_1_60' title='bbox 521 889 581 945; x_wconf 92' lang='lat' dir='ltr'>qua</span> <span class='ocrx_word' id='word_1_61' title='bbox 608 870 747 945; x_wconf 82' lang='lat' dir='ltr'>dicimus,</span> <span class='ocrx_word' id='word_1_62' title='bbox 779 872 838 930; x_wconf 91' lang='lat' dir='ltr'>nisi</span> <span class='ocrx_word' id='word_1_63' title='bbox 865 873 891 930; x_wconf 89' lang='lat' dir='ltr'>si</span> <span class='ocrx_word' id='word_1_64' title='bbox 919 871 985 946; x_wconf 87' lang='lat' dir='ltr'>quis</span> <span class='ocrx_word' id='word_1_65' title='bbox 1014 870 1152 930; x_wconf 79' lang='lat' dir='ltr'>didicerit</span> 
     </span>
     <span class='ocr_line' id='line_1_9' title="bbox 95 959 1150 1035; baseline 0.003 -20"><span class='ocrx_word' id='word_1_66' title='bbox 95 975 121 1015; x_wconf 85' lang='lat' dir='ltr'>ao</span> <span class='ocrx_word' id='word_1_67' title='bbox 135 959 331 1033; x_wconf 86' lang='lat' dir='ltr'>compositam</span> <span class='ocrx_word' id='word_1_68' title='bbox 363 960 592 1034; x_wconf 81' lang='lat' dir='ltr'>copulatamque</span> <span class='ocrx_word' id='word_1_69' title='bbox 626 977 688 1018; x_wconf 87' lang='grc'><strong><em>0110</em></strong></span> <span class='ocrx_word' id='word_1_70' title='bbox 718 979 813 1035; x_wconf 87' lang='lat' dir='ltr'>neque</span> <span class='ocrx_word' id='word_1_71' title='bbox 843 961 905 1019; x_wconf 88' lang='lat' dir='ltr'>vim</span> <span class='ocrx_word' id='word_1_72' title='bbox 934 962 1054 1018; x_wconf 90' lang='lat' dir='ltr'>tantum</span> <span class='ocrx_word' id='word_1_73' title='bbox 1084 978 1150 1018; x_wconf 88' lang='lat' dir='ltr'>con·</span> 
     </span>
     <span class='ocr_line' id='line_1_10' title="bbox 135 1046 1151 1126; baseline 0.003 -22"><span class='ocrx_word' id='word_1_74' title='bbox 135 1047 277 1124; x_wconf 87' lang='lat' dir='ltr'>iungendi</span> <span class='ocrx_word' id='word_1_75' title='bbox 300 1047 417 1120; x_wconf 88' lang='lat' dir='ltr'>habere,</span> <span class='ocrx_word' id='word_1_76' title='bbox 444 1046 495 1106; x_wconf 85' lang='lat' dir='ltr'>sed</span> <span class='ocrx_word' id='word_1_77' title='bbox 519 1051 600 1107; x_wconf 88' lang='lat' dir='ltr'>certa</span> <span class='ocrx_word' id='word_1_78' title='bbox 626 1048 758 1125; x_wconf 50' lang='lat' dir='ltr'>¹quadam</span> <span class='ocrx_word' id='word_1_79' title='bbox 787 1048 1003 1126; x_wconf 83' lang='lat' dir='ltr'>significatione</span> <span class='ocrx_word' id='word_1_80' title='bbox 1032 1049 1151 1123; x_wconf 86' lang='lat' dir='ltr'>factam,</span> 
     </span>
     <span class='ocr_line' id='line_1_11' title="bbox 134 1137 1151 1214; baseline 0.003 -22"><span class='ocrx_word' id='word_1_81' title='bbox 134 1156 297 1212; x_wconf 89' lang='lat' dir='ltr'>numquam</span> <span class='ocrx_word' id='word_1_82' title='bbox 315 1137 448 1212; x_wconf 84' lang='lat' dir='ltr'>profecto</span> <span class='ocrx_word' id='word_1_83' title='bbox 466 1138 597 1196; x_wconf 84' lang='lat' dir='ltr'>rationes</span> <span class='ocrx_word' id='word_1_84' title='bbox 616 1155 651 1195; x_wconf 88' lang='lat' dir='ltr'>ac</span> <span class='ocrx_word' id='word_1_85' title='bbox 669 1139 830 1196; x_wconf 88' lang='lat' dir='ltr'>varietates</span> <span class='ocrx_word' id='word_1_86' title='bbox 853 1139 942 1197; x_wconf 90' lang='lat' dir='ltr'>istius</span> <span class='ocrx_word' id='word_1_87' title='bbox 960 1139 1151 1214; x_wconf 89' lang='lat' dir='ltr'>comprehen-</span> 
     </span>
     <span class='ocr_line' id='line_1_12' title="bbox 135 1226 1150 1303; baseline 0.001 -20"><span class='ocrx_word' id='word_1_88' title='bbox 135 1243 220 1283; x_wconf 85' lang='lat' dir='ltr'>surus</span> <span class='ocrx_word' id='word_1_89' title='bbox 244 1227 296 1283; x_wconf 88' lang='lat' dir='ltr'>est.</span> <span class='ocrx_word' id='word_1_90' title='bbox 344 1226 423 1300; x_wconf 91' lang='lat' dir='ltr'>quod</span> <span class='ocrx_word' id='word_1_91' title='bbox 447 1228 518 1300; x_wconf 89' lang='lat' dir='ltr'>quia</span> <span class='ocrx_word' id='word_1_92' title='bbox 540 1226 683 1303; x_wconf 85' lang='lat' dir='ltr'>longioris</span> <span class='ocrx_word' id='word_1_93' title='bbox 707 1227 925 1286; x_wconf 88' lang='lat' dir='ltr'>dissertationis</span> <span class='ocrx_word' id='word_1_94' title='bbox 949 1230 1003 1302; x_wconf 88' lang='lat' dir='ltr'>est,</span> <span class='ocrx_word' id='word_1_95' title='bbox 1031 1228 1150 1303; x_wconf 86' lang='lat' dir='ltr'>poterit,</span> 
     </span>
     <span class='ocr_line' id='line_1_13' title="bbox 135 1315 1150 1393; baseline 0.003 -21"><span class='ocrx_word' id='word_1_96' title='bbox 135 1315 182 1372; x_wconf 90' lang='lat' dir='ltr'>cui</span> <span class='ocrx_word' id='word_1_97' title='bbox 213 1315 308 1372; x_wconf 90' lang='lat' dir='ltr'>otium</span> <span class='ocrx_word' id='word_1_98' title='bbox 339 1317 391 1388; x_wconf 87' lang='lat' dir='ltr'>est,</span> <span class='ocrx_word' id='word_1_99' title='bbox 423 1317 552 1390; x_wconf 90' lang='lat' dir='ltr'>reperire</span> <span class='ocrx_word' id='word_1_100' title='bbox 582 1315 638 1374; x_wconf 92' lang='lat' dir='ltr'>hoc</span> <span class='ocrx_word' id='word_1_101' title='bbox 665 1317 697 1373; x_wconf 90' lang='lat' dir='ltr'>in</span> <span class='ocrx_word' id='word_1_102' title='bbox 725 1316 756 1374; x_wconf 93' lang='lat' dir='ltr'>P.</span> <span class='ocrx_word' id='word_1_103' title='bbox 776 1316 892 1393; x_wconf 87' lang='lat' dir='ltr'>Nigidii</span> <span class='ocrx_word' id='word_1_104' title='bbox 922 1317 1150 1391; x_wconf 62' lang='lat' dir='ltr'>commentariis</span> 
     </span>
     <span class='ocr_line' id='line_1_14' title="bbox 94 1405 624 1480; baseline 0.006 -22"><span class='ocrx_word' id='word_1_105' title='bbox 94 1419 119 1459; x_wconf 82' lang='grc'>11</span> <span class='ocrx_word' id='word_1_106' title='bbox 135 1421 208 1477; x_wconf 90' lang='lat' dir='ltr'>quos</span> <span class='ocrx_word' id='word_1_107' title='bbox 231 1406 441 1480; x_wconf 85' lang='lat' dir='ltr'>grammaticos</span> <span class='ocrx_word' id='word_1_108' title='bbox 464 1405 624 1479; x_wconf 89' lang='lat' dir='ltr'>inscripsit.</span> 
     </span>
    </p>
   </div>
   <div class='ocr_carea' id='block_1_3' title="bbox 133 1501 1151 1929">
    <p class='ocr_par' dir='ltr' id='par_1_3' title="bbox 133 1501 1151 1929">
     <span class='ocr_line' id='line_1_15' title="bbox 207 1501 1149 1569; baseline 0.002 -15"><span class='ocrx_word' id='word_1_109' title='bbox 207 1501 275 1554; x_wconf 73' lang='lat' dir='ltr'>Geli.</span> <span class='ocrx_word' id='word_1_110' title='bbox 296 1505 390 1567; x_wconf 84' lang='lat'>17,13</span> <span class='ocrx_word' id='word_1_111' title='bbox 408 1517 463 1565; x_wconf 89' lang='lat' dir='ltr'>quin</span> <span class='ocrx_word' id='word_1_112' title='bbox 477 1517 588 1565; x_wconf 79' lang='lat' dir='ltr'>particule</span> <span class='ocrx_word' id='word_1_113' title='bbox 601 1534 628 1541; x_wconf 91' lang='lat'>-</span> <span class='ocrx_word' id='word_1_114' title='bbox 641 1517 758 1565; x_wconf 74' lang='lat' dir='ltr'>inscripsit.</span> <span class='ocrx_word' id='word_1_115' title='bbox 796 1503 830 1569; x_wconf 74' lang='lat' dir='ltr'>df.</span> <span class='ocrx_word' id='word_1_116' title='bbox 856 1504 943 1557; x_wconf 70' lang='lat' dir='ltr'>Pridc.</span> <span class='ocrx_word' id='word_1_117' title='bbox 958 1504 1013 1556; x_wconf 82' lang='grc' dir='ltr'>ΠΙ</span> <span class='ocrx_word' id='word_1_118' title='bbox 1030 1508 1149 1569; x_wconf 81' lang='lat'>100,16.</span> 
     </span>
     <span class='ocr_line' id='line_1_16' title="bbox 133 1573 1149 1641; baseline 0.003 -17"><span class='ocrx_word' id='word_1_119' title='bbox 133 1575 196 1638; x_wconf 83' lang='grc'><strong><em>467,</em></strong></span> <span class='ocrx_word' id='word_1_120' title='bbox 211 1576 253 1626; x_wconf 83' lang='lat'>34.</span> <span class='ocrx_word' id='word_1_121' title='bbox 296 1573 401 1627; x_wconf 82' lang='lat' dir='ltr'>Donat.</span> <span class='ocrx_word' id='word_1_122' title='bbox 419 1574 478 1627; x_wconf 84' lang='lat' dir='ltr'>Ter.</span> <span class='ocrx_word' id='word_1_123' title='bbox 494 1575 600 1641; x_wconf 84' lang='lat' dir='ltr'>phorm.</span> <span class='ocrx_word' id='word_1_124' title='bbox 621 1579 646 1640; x_wconf 88' lang='lat'>3,</span> <span class='ocrx_word' id='word_1_125' title='bbox 660 1579 687 1640; x_wconf 80' lang='grc'>2,</span> <span class='ocrx_word' id='word_1_126' title='bbox 703 1573 743 1628; x_wconf 77' lang='lat'>1⁸.</span> <span class='ocrx_word' id='word_1_127' title='bbox 784 1573 864 1628; x_wconf 79' lang='lat' dir='ltr'>OGL</span> <span class='ocrx_word' id='word_1_128' title='bbox 879 1574 941 1628; x_wconf 90' lang='lat' dir='ltr'>VII</span> <span class='ocrx_word' id='word_1_129' title='bbox 956 1578 1017 1628; x_wconf 83' lang='lat'>173.</span> <span class='ocrx_word' id='word_1_130' title='bbox 1064 1575 1149 1629; x_wconf 79' lang='lat' dir='ltr'>Gioas.</span> 
     </span>
     <span class='ocr_line' id='line_1_17' title="bbox 134 1643 1151 1715; baseline 0.003 -19"><span class='ocrx_word' id='word_1_131' title='bbox 134 1643 216 1710; x_wconf 80' lang='lat' dir='ltr'>Reiff.</span> <span class='ocrx_word' id='word_1_132' title='bbox 228 1649 262 1697; x_wconf 83' lang='grc'>41</span> <span class='ocrx_word' id='word_1_133' title='bbox 282 1644 345 1712; x_wconf 79' lang='lat' dir='ltr'>(Ra.</span> <span class='ocrx_word' id='word_1_134' title='bbox 358 1646 433 1698; x_wconf 78' lang='lat' dir='ltr'>Mas.</span> <span class='ocrx_word' id='word_1_135' title='bbox 448 1650 491 1710; x_wconf 86' lang='grc'>16,</span> <span class='ocrx_word' id='word_1_136' title='bbox 503 1648 555 1715; x_wconf 88' lang='grc'>10).</span> <span class='ocrx_word' id='word_1_137' title='bbox 584 1647 638 1699; x_wconf 78' lang='lat' dir='ltr'>icta</span> <span class='ocrx_word' id='word_1_138' title='bbox 651 1647 695 1699; x_wconf 77' lang='lat' dir='ltr'>liic</span> <span class='ocrx_word' id='word_1_139' title='bbox 708 1647 779 1699; x_wconf 80' lang='lat' dir='ltr'>inici·</span> <span class='ocrx_word' id='word_1_140' title='bbox 794 1645 913 1715; x_wconf 72' lang='lat' dir='ltr'>eripiare</span> <span class='ocrx_word' id='word_1_141' title='bbox 926 1647 1151 1713; x_wconf 77' lang='lat' dir='ltr'>explieaticiwece</span> 
     </span>
     <span class='ocr_line' id='line_1_18' title="bbox 133 1716 1150 1787; baseline 0.003 -20"><span class='ocrx_word' id='word_1_142' title='bbox 133 1730 228 1768; x_wconf 77' lang='lat' dir='ltr'>ccccm</span> <span class='ocrx_word' id='word_1_143' title='bbox 241 1716 399 1784; x_wconf 79' lang='lat' dir='ltr'>recepimuc,</span> <span class='ocrx_word' id='word_1_144' title='bbox 417 1733 478 1770; x_wconf 81' lang='lat' dir='ltr'>eam</span> <span class='ocrx_word' id='word_1_145' title='bbox 492 1717 628 1787; x_wconf 77' lang='lat' dir='ltr'>Niqidiue</span> <span class='ocrx_word' id='word_1_146' title='bbox 643 1716 733 1784; x_wconf 78' lang='lat' dir='ltr'>‘qaia’</span> <span class='ocrx_word' id='word_1_147' title='bbox 749 1716 907 1784; x_wconf 80' lang='lat' dir='ltr'>particulae</span> <span class='ocrx_word' id='word_1_148' title='bbox 920 1733 977 1771; x_wconf 81' lang='lat' dir='ltr'>aon</span> <span class='ocrx_word' id='word_1_149' title='bbox 994 1718 1084 1771; x_wconf 80' lang='lat' dir='ltr'>solam</span> <span class='ocrx_word' id='word_1_150' title='bbox 1097 1719 1150 1772; x_wconf 84' lang='lat' dir='ltr'>cim</span> 
     </span>
     <span class='ocr_line' id='line_1_19' title="bbox 133 1787 1151 1858; baseline 0.003 -19"><span class='ocrx_word' id='word_1_151' title='bbox 133 1787 327 1856; x_wconf 77' lang='lat' dir='ltr'>coniunqendi,</span> <span class='ocrx_word' id='word_1_152' title='bbox 345 1788 392 1841; x_wconf 84' lang='lat' dir='ltr'>ced</span> <span class='ocrx_word' id='word_1_153' title='bbox 406 1789 537 1857; x_wconf 77' lang='lat' dir='ltr'>oriqincm</span> <span class='ocrx_word' id='word_1_154' title='bbox 552 1789 635 1842; x_wconf 82' lang='lat' dir='ltr'>etiem</span> <span class='ocrx_word' id='word_1_155' title='bbox 647 1788 926 1858; x_wconf 75' lang='lat' dir='ltr'>siqnifieaiicnemqae</span> <span class='ocrx_word' id='word_1_156' title='bbox 940 1791 1086 1855; x_wconf 78' lang='lat' dir='ltr'>aperuerit.</span> <span class='ocrx_word' id='word_1_157' title='bbox 1120 1789 1151 1842; x_wconf 84' lang='lat' dir='ltr'>de</span> 
     </span>
     <span class='ocr_line' id='line_1_20' title="bbox 134 1857 1115 1929; baseline 0.002 -19"><span class='ocrx_word' id='word_1_158' title='bbox 134 1863 188 1911; x_wconf 84' lang='grc'><strong><em>1010</em></strong></span> <span class='ocrx_word' id='word_1_159' title='bbox 207 1857 291 1912; x_wconf 78' lang='lat' dir='ltr'>Gellii</span> <span class='ocrx_word' id='word_1_160' title='bbox 309 1859 398 1926; x_wconf 83' lang='lat' dir='ltr'>capite</span> <span class='ocrx_word' id='word_1_161' title='bbox 415 1859 532 1929; x_wconf 74' lang='lat' dir='ltr'>Niqidic</span> <span class='ocrx_word' id='word_1_162' title='bbox 551 1860 719 1913; x_wconf 80' lang='lat' dir='ltr'>vindicando</span> <span class='ocrx_word' id='word_1_163' title='bbox 737 1861 887 1914; x_wconf 79' lang='lat' dir='ltr'>mmmaais</span> <span class='ocrx_word' id='word_1_164' title='bbox 904 1865 943 1913; x_wconf 82' lang='lat' dir='ltr'>est</span> <span class='ocrx_word' id='word_1_165' title='bbox 960 1875 1115 1914; x_wconf 76' lang='lat' dir='ltr'>concensus.</span> 
     </span>
    </p>
   </div>
   <div class='ocr_carea' id='block_1_4' title="bbox 133 1965 1150 2445">
    <p class='ocr_par' dir='ltr' id='par_1_4' title="bbox 133 1965 1150 2445">
     <span class='ocr_line' id='line_1_21' title="bbox 205 1965 1150 2034; baseline 0.001 -17"><span class='ocrx_word' id='word_1_166' title='bbox 205 1968 327 2018; x_wconf 85' lang='lat' dir='ltr'>8causa</span> <span class='ocrx_word' id='word_1_167' title='bbox 355 1967 442 2032; x_wconf 87' lang='lat' dir='ltr'>(-sam</span> <span class='ocrx_word' id='word_1_168' title='bbox 461 1966 564 2034; x_wconf 81' lang='lat' dir='ltr'>Paria.)</span> <span class='ocrx_word' id='word_1_169' title='bbox 602 1966 626 2018; x_wconf 91' lang='grc'>11</span> <span class='ocrx_word' id='word_1_170' title='bbox 646 1967 768 2019; x_wconf 80' lang='lat' dir='ltr'>socrates</span> <span class='ocrx_word' id='word_1_171' title='bbox 796 1967 888 2020; x_wconf 71' lang='lat' dir='ltr'>Parae.</span> <span class='ocrx_word' id='word_1_172' title='bbox 913 1965 986 2020; x_wconf 84' lang='lat' dir='ltr'>Vesc.</span> <span class='ocrx_word' id='word_1_173' title='bbox 1008 1967 1072 2020; x_wconf 82' lang='lat' dir='ltr'>Lai.</span> <span class='ocrx_word' id='word_1_174' title='bbox 1088 1967 1150 2020; x_wconf 73' lang='lat' dir='ltr'>Fr</span> 
     </span>
     <span class='ocr_line' id='line_1_22' title="bbox 134 2034 1148 2102; baseline 0.003 -16"><span class='ocrx_word' id='word_1_175' title='bbox 134 2049 247 2087; x_wconf 82' lang='lat' dir='ltr'>causam</span> <span class='ocrx_word' id='word_1_176' title='bbox 261 2035 335 2088; x_wconf 86' lang='lat' dir='ltr'>hanc</span> <span class='ocrx_word' id='word_1_177' title='bbox 349 2053 405 2088; x_wconf 91' lang='lat' dir='ltr'>non</span> <span class='ocrx_word' id='word_1_178' title='bbox 415 2034 470 2088; x_wconf 91' lang='lat' dir='ltr'>def.</span> <span class='ocrx_word' id='word_1_179' title='bbox 481 2039 603 2090; x_wconf 84' lang='lat' dir='ltr'>socrates</span> <span class='ocrx_word' id='word_1_180' title='bbox 615 2037 702 2092; x_wconf 73' lang='lat' dir='ltr'>cass.</span> <span class='ocrx_word' id='word_1_181' title='bbox 714 2037 796 2102; x_wconf 82' lang='lat' dir='ltr'>Reiff.</span> <span class='ocrx_word' id='word_1_182' title='bbox 853 2042 885 2089; x_wconf 82' lang='lat'>12</span> <span class='ocrx_word' id='word_1_183' title='bbox 901 2035 969 2090; x_wconf 90' lang='lat' dir='ltr'>fient</span> <span class='ocrx_word' id='word_1_184' title='bbox 980 2038 1064 2092; x_wconf 81' lang='lat' dir='ltr'>iidem</span> <span class='ocrx_word' id='word_1_185' title='bbox 1074 2038 1148 2092; x_wconf 82' lang='lat' dir='ltr'>codd.</span> 
     </span>
     <span class='ocr_line' id='line_1_23' title="bbox 133 2106 1150 2178; baseline 0.003 -20"><span class='ocrx_word' id='word_1_186' title='bbox 133 2106 255 2159; x_wconf 89' lang='lat' dir='ltr'>secundo</span> <span class='ocrx_word' id='word_1_187' title='bbox 284 2125 310 2175; x_wconf 90' lang='lat' dir='ltr'>q.</span> <span class='ocrx_word' id='word_1_188' title='bbox 337 2106 477 2175; x_wconf 85' lang='lat' dir='ltr'>originum</span> <span class='ocrx_word' id='word_1_189' title='bbox 503 2125 540 2161; x_wconf 94' lang='lat' dir='ltr'>m.</span> <span class='ocrx_word' id='word_1_190' title='bbox 567 2108 675 2161; x_wconf 89' lang='lat' dir='ltr'>catonis</span> <span class='ocrx_word' id='word_1_191' title='bbox 704 2107 801 2178; x_wconf 75' lang='lat' dir='ltr'>Rcyin.</span> <span class='ocrx_word' id='word_1_192' title='bbox 827 2112 899 2162; x_wconf 81' lang='grc'><strong><em>1646</em></strong></span> <span class='ocrx_word' id='word_1_193' title='bbox 1014 2115 1047 2160; x_wconf 82' lang='lat'>15</span> <span class='ocrx_word' id='word_1_194' title='bbox 1077 2109 1150 2162; x_wconf 89' lang='lat' dir='ltr'>enim</span> 
     </span>
     <span class='ocr_line' id='line_1_24' title="bbox 134 2176 1150 2234; baseline 0.004 -5"><span class='ocrx_word' id='word_1_195' title='bbox 134 2176 304 2230; x_wconf 85' lang='lat' dir='ltr'>advertimus</span> <span class='ocrx_word' id='word_1_196' title='bbox 316 2178 388 2232; x_wconf 82' lang='lat' dir='ltr'>Voss.</span> <span class='ocrx_word' id='word_1_197' title='bbox 400 2179 624 2234; x_wconf 68' lang='grc'><strong><em>1011111117</em></strong></span> <span class='ocrx_word' id='word_1_198' title='bbox 678 2177 960 2234; x_wconf 79' lang='lat' dir='ltr'>20hoeticm.Pai·ie.</span> <span class='ocrx_word' id='word_1_199' title='bbox 1017 2179 1150 2233; x_wconf 80' lang='lat' dir='ltr'>26hoetia</span> 
     </span>
     <span class='ocr_line' id='line_1_25' title="bbox 133 2248 1149 2321; baseline 0.005 -21"><span class='ocrx_word' id='word_1_200' title='bbox 133 2248 289 2302; x_wconf 86' lang='lat' dir='ltr'>educantur</span> <span class='ocrx_word' id='word_1_201' title='bbox 307 2249 527 2319; x_wconf 78' lang='lat' dir='ltr'>(caduc-Paric.)</span> <span class='ocrx_word' id='word_1_202' title='bbox 547 2251 640 2304; x_wconf 79' lang='lat' dir='ltr'>Paris.</span> <span class='ocrx_word' id='word_1_203' title='bbox 657 2252 730 2306; x_wconf 79' lang='lat' dir='ltr'>Voce.</span> <span class='ocrx_word' id='word_1_204' title='bbox 745 2251 810 2304; x_wconf 81' lang='lat' dir='ltr'>Lai.</span> <span class='ocrx_word' id='word_1_205' title='bbox 821 2251 882 2304; x_wconf 85' lang='lat' dir='ltr'>F7</span> <span class='ocrx_word' id='word_1_206' title='bbox 959 2256 992 2303; x_wconf 80' lang='lat'>2&#39;1</span> <span class='ocrx_word' id='word_1_207' title='bbox 1012 2250 1149 2321; x_wconf 76' lang='lat' dir='ltr'>perfugii:</span> 
     </span>
     <span class='ocr_line' id='line_1_26' title="bbox 133 2321 1150 2390; baseline 0.004 -18"><span class='ocrx_word' id='word_1_208' title='bbox 133 2336 181 2372; x_wconf 85' lang='lat' dir='ltr'>cm.</span> <span class='ocrx_word' id='word_1_209' title='bbox 196 2337 236 2390; x_wconf 74' lang='lat' dir='ltr'>cy.</span> <span class='ocrx_word' id='word_1_210' title='bbox 311 2325 344 2372; x_wconf 76' lang='lat'>29</span> <span class='ocrx_word' id='word_1_211' title='bbox 358 2336 423 2373; x_wconf 90' lang='lat' dir='ltr'>vero</span> <span class='ocrx_word' id='word_1_212' title='bbox 438 2337 488 2374; x_wconf 84' lang='lat' dir='ltr'>om.</span> <span class='ocrx_word' id='word_1_213' title='bbox 503 2321 552 2375; x_wconf 86' lang='lat' dir='ltr'>iid.</span> <span class='ocrx_word' id='word_1_214' title='bbox 567 2322 644 2376; x_wconf 82' lang='lat' dir='ltr'>cedei.</span> <span class='ocrx_word' id='word_1_215' title='bbox 698 2321 723 2374; x_wconf 87' lang='lat' dir='ltr'>si</span> <span class='ocrx_word' id='word_1_216' title='bbox 736 2322 822 2376; x_wconf 77' lang='lat' dir='ltr'>Paria</span> <span class='ocrx_word' id='word_1_217' title='bbox 835 2338 885 2376; x_wconf 82' lang='lat' dir='ltr'>om.</span> <span class='ocrx_word' id='word_1_218' title='bbox 900 2322 957 2376; x_wconf 86' lang='lat' dir='ltr'>reii.</span> <span class='ocrx_word' id='word_1_219' title='bbox 1032 2327 1066 2376; x_wconf 80' lang='lat'>32</span> <span class='ocrx_word' id='word_1_220' title='bbox 1081 2323 1150 2376; x_wconf 87' lang='lat' dir='ltr'>veri·</span> 
     </span>
     <span class='ocr_line' id='line_1_27' title="bbox 133 2393 317 2445; baseline 0.011 -2"><span class='ocrx_word' id='word_1_221' title='bbox 133 2393 207 2444; x_wconf 84' lang='lat' dir='ltr'>tates</span> <span class='ocrx_word' id='word_1_222' title='bbox 226 2393 317 2445; x_wconf 82' lang='lat' dir='ltr'>Paris.</span> 
     </span>
    </p>
   </div>
   <div class='ocr_carea' id='block_1_5' title="bbox 568 2519 707 2603">
    <p class='ocr_par' dir='ltr' id='par_1_5' title="bbox 568 2519 707 2603">
     <span class='ocr_line' id='line_1_28' title="bbox 568 2519 707 2603; baseline 0.014 -21"><span class='ocrx_word' id='word_1_223' title='bbox 568 2526 612 2582; x_wconf 78' lang='lat' dir='ltr'>aa</span> <span class='ocrx_word' id='word_1_224' title='bbox 636 2519 707 2603; x_wconf 78' lang='lat' dir='ltr'>[aa]</span> 
     </span>
    </p>
   </div>
   <div class='ocr_carea' id='block_1_6' title="bbox 201 2648 575 2724">
    <p class='ocr_par' dir='ltr' id='par_1_6' title="bbox 201 2648 575 2724">
     <span class='ocr_line' id='line_1_29' title="bbox 201 2648 575 2724; baseline 0.003 -18"><span class='ocrx_word' id='word_1_225' title='bbox 201 2648 348 2722; x_wconf 89' lang='lat' dir='ltr'>elamat,</span> <span class='ocrx_word' id='word_1_226' title='bbox 372 2650 575 2724; x_wconf 88' lang='lat' dir='ltr'>quiritatur</span> 
     </span>
    </p>
   </div>
   <div class='ocr_carea' id='block_1_7' title="bbox 132 2747 1150 3104">
    <p class='ocr_par' dir='ltr' id='par_1_7' title="bbox 132 2747 1150 3104">
     <span class='ocr_line' id='line_1_30' title="bbox 204 2747 1150 2818; baseline 0.004 -20"><span class='ocrx_word' id='word_1_227' title='bbox 204 2747 277 2800; x_wconf 69' lang='lat' dir='ltr'>lton.</span> <span class='ocrx_word' id='word_1_228' title='bbox 297 2765 327 2815; x_wconf 80' lang='lat' dir='ltr'>p.</span> <span class='ocrx_word' id='word_1_229' title='bbox 347 2751 392 2813; x_wconf 83' lang='grc'>21,</span> <span class='ocrx_word' id='word_1_230' title='bbox 408 2752 443 2801; x_wconf 82' lang='grc'>18</span> <span class='ocrx_word' id='word_1_231' title='bbox 469 2747 606 2816; x_wconf 86' lang='lat' dir='ltr'>quiritare</span> <span class='ocrx_word' id='word_1_232' title='bbox 630 2750 672 2800; x_wconf 86' lang='grc'>011</span> <span class='ocrx_word' id='word_1_233' title='bbox 696 2747 825 2812; x_wconf 83' lang='lat' dir='ltr'>clamare,</span> <span class='ocrx_word' id='word_1_234' title='bbox 851 2749 975 2803; x_wconf 88' lang='lat' dir='ltr'>tractum</span> <span class='ocrx_word' id='word_1_235' title='bbox 998 2750 1034 2804; x_wconf 84' lang='lat' dir='ltr'>ab</span> <span class='ocrx_word' id='word_1_236' title='bbox 1057 2749 1150 2818; x_wconf 88' lang='lat' dir='ltr'>isqui</span> 
     </span>
     <span class='ocr_line' id='line_1_31' title="bbox 133 2815 1149 2892; baseline 0.007 -25"><span class='ocrx_word' id='word_1_237' title='bbox 133 2815 254 2880; x_wconf 77' lang='lat' dir='ltr'>Quirites</span> <span class='ocrx_word' id='word_1_238' title='bbox 268 2816 408 2872; x_wconf 85' lang='lat' dir='ltr'>invocant.</span> <span class='ocrx_word' id='word_1_239' title='bbox 441 2817 565 2872; x_wconf 84' lang='lat' dir='ltr'>Lucilius</span> <span class='ocrx_word' id='word_1_240' title='bbox 581 2821 738 2872; x_wconf 88' lang='lat' dir='ltr'>saturarum</span> <span class='ocrx_word' id='word_1_241' title='bbox 756 2819 855 2874; x_wconf 88' lang='lat' dir='ltr'>lib.VI</span> <span class='ocrx_word' id='word_1_242' title='bbox 874 2821 939 2892; x_wconf 87' lang='grc'><strong><em>[261</em></strong></span> <span class='ocrx_word' id='word_1_243' title='bbox 951 2822 1039 2892; x_wconf 88' lang='lat' dir='ltr'>Mc.]:</span> <span class='ocrx_word' id='word_1_244' title='bbox 1061 2820 1149 2886; x_wconf 67' lang='lat' dir='ltr'>‘haec</span> 
     </span>
     <span class='ocr_line' id='line_1_32' title="bbox 133 2887 1149 2963; baseline 0.005 -24"><span class='ocrx_word' id='word_1_245' title='bbox 133 2887 261 2955; x_wconf 77' lang='lat' dir='ltr'>inquam,</span> <span class='ocrx_word' id='word_1_246' title='bbox 286 2888 370 2942; x_wconf 86' lang='lat' dir='ltr'>rudet</span> <span class='ocrx_word' id='word_1_247' title='bbox 389 2905 404 2943; x_wconf 89' lang='grc'><strong><em>0</em></strong></span> <span class='ocrx_word' id='word_1_248' title='bbox 422 2889 519 2942; x_wconf 89' lang='lat' dir='ltr'>rostris</span> <span class='ocrx_word' id='word_1_249' title='bbox 543 2891 629 2958; x_wconf 87' lang='lat' dir='ltr'>atque</span> <span class='ocrx_word' id='word_1_250' title='bbox 651 2890 823 2960; x_wconf 83' lang='lat' dir='ltr'>heiulitabit,</span> <span class='ocrx_word' id='word_1_251' title='bbox 840 2890 854 2963; x_wconf 62' lang='lat' dir='ltr'>,l</span> <span class='ocrx_word' id='word_1_252' title='bbox 870 2907 1038 2946; x_wconf 78' lang='lat' dir='ltr'>concurrens</span> <span class='ocrx_word' id='word_1_253' title='bbox 1062 2891 1149 2946; x_wconf 88' lang='lat' dir='ltr'>veluti</span> 
     </span>
     <span class='ocr_line' id='line_1_33' title="bbox 132 2958 1150 3033; baseline 0.007 -24"><span class='ocrx_word' id='word_1_254' title='bbox 132 2958 283 3026; x_wconf 82' lang='lat' dir='ltr'>Ancarius,</span> <span class='ocrx_word' id='word_1_255' title='bbox 309 2959 439 3028; x_wconf 87' lang='lat' dir='ltr'>clareque</span> <span class='ocrx_word' id='word_1_256' title='bbox 464 2960 624 3029; x_wconf 87' lang='lat' dir='ltr'>quiritans’.</span> <span class='ocrx_word' id='word_1_257' title='bbox 668 2961 801 3031; x_wconf 83' lang='lat' dir='ltr'>Nigidius</span> <span class='ocrx_word' id='word_1_258' title='bbox 825 2963 1034 3016; x_wconf 87' lang='lat' dir='ltr'>commentariis</span> <span class='ocrx_word' id='word_1_259' title='bbox 1056 2980 1150 3033; x_wconf 85' lang='lat' dir='ltr'>gram-</span> 
     </span>
     <span class='ocr_line' id='line_1_34' title="bbox 132 3029 1150 3104; baseline 0.005 -22"><span class='ocrx_word' id='word_1_260' title='bbox 132 3029 256 3083; x_wconf 83' lang='lat' dir='ltr'>maticis:</span> <span class='ocrx_word' id='word_1_261' title='bbox 282 3045 308 3084; x_wconf 79' lang='lat'>01.</span> <span class='ocrx_word' id='word_1_262' title='bbox 324 3046 379 3092; x_wconf 76' lang='lat' dir='ltr'>quir.</span> <span class='ocrx_word' id='word_1_263' title='bbox 417 3031 505 3085; x_wconf 86' lang='lat' dir='ltr'>carice</span> <span class='ocrx_word' id='word_1_264' title='bbox 525 3034 567 3085; x_wconf 86' lang='lat' dir='ltr'>est</span> <span class='ocrx_word' id='word_1_265' title='bbox 591 3040 637 3087; x_wconf 81' lang='lat' dir='ltr'>etc.</span> <span class='ocrx_word' id='word_1_266' title='bbox 674 3034 782 3087; x_wconf 80' lang='lat' dir='ltr'>Lucilii</span> <span class='ocrx_word' id='word_1_267' title='bbox 804 3034 879 3088; x_wconf 80' lang='grc'><strong><em>10001</em></strong></span> <span class='ocrx_word' id='word_1_268' title='bbox 901 3035 978 3103; x_wconf 75' lang='lat' dir='ltr'>apud</span> <span class='ocrx_word' id='word_1_269' title='bbox 1000 3035 1150 3104; x_wconf 78' lang='lat' dir='ltr'>Nipidicm</span> 
     </span>
    </p>
   </div>
   <div class='ocr_carea' id='block_1_8' title="bbox 132 3104 1114 3266">
    <p class='ocr_par' dir='ltr' id='par_1_8' title="bbox 132 3104 1114 3266">
     <span class='ocr_line' id='line_1_35' title="bbox 132 3104 301 3155; baseline 0.006 -1"><span class='ocrx_word' id='word_1_270' title='bbox 132 3117 186 3154; x_wconf 82' lang='lat' dir='ltr'>esse</span> <span class='ocrx_word' id='word_1_271' title='bbox 223 3104 301 3155; x_wconf 79' lang='grc'><strong><em>01011.</em></strong></span> 
     </span>
     <span class='ocr_line' id='line_1_36' title="bbox 200 3118 1114 3266; baseline 0.008 -25"><span class='ocrx_word' id='word_1_272' title='bbox 200 3118 382 3257; x_wconf 45' lang='lat' dir='ltr'>inimatum:</span> <span class='ocrx_word' id='word_1_273' title='bbox 402 3209 449 3246; x_wconf 85' lang='lat' dir='ltr'>em.</span> <span class='ocrx_word' id='word_1_274' title='bbox 469 3193 619 3257; x_wconf 77' lang='lat' dir='ltr'>Turnebus,</span> <span class='ocrx_word' id='word_1_275' title='bbox 637 3193 760 3263; x_wconf 76' lang='lat' dir='ltr'>Scaiiqer</span> <span class='ocrx_word' id='word_1_276' title='bbox 779 3193 872 3266; x_wconf 75' lang='lat' dir='ltr'>(qui)</span> <span class='ocrx_word' id='word_1_277' title='bbox 889 3194 961 3262; x_wconf 88' lang='lat' dir='ltr'>quir.</span> <span class='ocrx_word' id='word_1_278' title='bbox 981 3194 1114 3250; x_wconf 83' lang='lat' dir='ltr'>chboda</span> 
     </span>
    </p>
   </div>
   <div class='ocr_carea' id='block_1_9' title="bbox 570 3338 707 3422">
    <p class='ocr_par' dir='ltr' id='par_1_9' title="bbox 570 3338 707 3422">
     <span class='ocr_line' id='line_1_37' title="bbox 570 3338 707 3422; baseline 0.015 -22"><span class='ocrx_word' id='word_1_279' title='bbox 570 3346 611 3400; x_wconf 79' lang='lat'>34</span> <span class='ocrx_word' id='word_1_280' title='bbox 637 3338 707 3422; x_wconf 75' lang='grc'><strong><em>[41]</em></strong></span> 
     </span>
    </p>
   </div>
   <div class='ocr_carea' id='block_1_10' title="bbox 75 3465 1166 3642">
    <p class='ocr_par' dir='ltr' id='par_1_10' title="bbox 75 3465 1166 3642">
     <span class='ocr_line' id='line_1_38' title="bbox 187 3465 1150 3544; baseline 0.006 -22"><span class='ocrx_word' id='word_1_281' title='bbox 187 3483 225 3522; x_wconf 73' lang='lat' dir='ltr'>en</span> <span class='ocrx_word' id='word_1_282' title='bbox 250 3465 430 3543; x_wconf 82' lang='lat' dir='ltr'>Apollinari</span> <span class='ocrx_word' id='word_1_283' title='bbox 462 3468 623 3530; x_wconf 91' lang='lat' dir='ltr'>didicimus</span> <span class='ocrx_word' id='word_1_284' title='bbox 653 3487 749 3528; x_wconf 81' lang='lat' dir='ltr'>uanos</span> <span class='ocrx_word' id='word_1_285' title='bbox 775 3471 897 3544; x_wconf 78' lang='lat' dir='ltr'>proprie</span> <span class='ocrx_word' id='word_1_286' title='bbox 924 3469 996 3543; x_wconf 76' lang='lat' dir='ltr'>dici,</span> <span class='ocrx_word' id='word_1_287' title='bbox 1025 3490 1084 3529; x_wconf 92' lang='lat' dir='ltr'>non</span> <span class='ocrx_word' id='word_1_288' title='bbox 1112 3474 1150 3528; x_wconf 89' lang='lat' dir='ltr'>ut</span> 
     </span>
     <span class='ocr_line' id='line_1_39' title="bbox 75 3516 1166 3642; baseline 0 -30"><span class='ocrx_word' id='word_1_289' title='bbox 75 3516 218 3629; x_wconf 41' lang='lat' dir='ltr'>uulgus</span> <span class='ocrx_word' id='word_1_290' title='bbox 239 3556 366 3638; x_wconf 85' lang='lat' dir='ltr'>diceret,</span> <span class='ocrx_word' id='word_1_291' title='bbox 396 3560 585 3642; x_wconf 87' lang='lat' dir='ltr'>desipientis</span> <span class='ocrx_word' id='word_1_292' title='bbox 604 3563 662 3622; x_wconf 80' lang='lat' dir='ltr'>aut</span> <span class='ocrx_word' id='word_1_293' title='bbox 681 3559 809 3620; x_wconf 69' lang='grc'><strong><em>11011101</em></strong></span> <span class='ocrx_word' id='word_1_294' title='bbox 826 3559 884 3615; x_wconf 74' lang='lat' dir='ltr'>aut</span> <span class='ocrx_word' id='word_1_295' title='bbox 896 3557 1031 3629; x_wconf 73' lang='lat' dir='ltr'>ineptos,</span> <span class='ocrx_word' id='word_1_296' title='bbox 1046 3556 1112 3626; x_wconf 74' lang='lat' dir='ltr'>sed,</span> <span class='ocrx_word' id='word_1_297' title='bbox 1124 3561 1166 3612; x_wconf 65' lang='lat' dir='ltr'>ua</span> 
     </span>
    </p>
   </div>
   <div class='ocr_carea' id='block_1_11' title="bbox 0 0 1204 3824">
    <p class='ocr_par' dir='ltr' id='par_1_11' title="bbox 0 0 1204 3824">
     <span class='ocr_line' id='line_1_40' title="bbox 0 0 1204 3824; baseline 0 0"><span class='ocrx_word' id='word_1_298' title='bbox 0 0 1204 3824; x_wconf 95' lang='lat' dir='ltr'> </span> 
     </span>
    </p>
   </div>
  </div>
 </body>
</html>
