2400 3824
311 181 495 236 Numitorius.
532 197 568 234 ex
585 182 754 236 incertorum
772 182 851 237 libris
1025 182 1089 246 575

75 351 201 410 dilectus
225 353 272 411 sui
295 370 463 427 supremam
491 370 625 425 manum,
656 351 737 410 omni
763 353 897 425 poeticae
925 353 1090 410 venustatis

75 441 164 500 laude
187 440 307 515 florent3
331 440 383 499 sed
406 459 482 516 quae
505 441 726 515 procrastinata
749 443 820 498 sunt
843 439 943 514 abeo,
967 442 1002 498 ut
1023 444 1092 515 post

75 535 308 604 recenserentur,
322 534 352 588 et
367 529 491 602 absolvi,
511 531 651 604 quoniam
664 527 744 587 mors
758 530 972 604 praeverterat,
989 517 1092 604 nequi-

76 621 192 693 verunt,
222 638 411 694 nequaquam
434 621 590 694 poetarum
619 617 834 694 elegantissimi
861 619 979 676 nomine
1003 623 1133 693 atquem

77 708 189 767 iudioio
209 708 302 786 digna
320 711 397 767 sunt.
431 709 534 783 itaque
550 726 617 765 oum
635 707 738 765 morbo
758 707 912 782 obpressus
932 707 1093 765 adventare

76 800 204 856 mortem
240 797 373 871 viderat,
412 798 520 872 petivit
557 797 715 870 oravitque
752 814 770 852 a
807 797 869 854 suis
907 796 1093 854 amicissimis

77 889 200 962 inpense
237 889 272 944 ut
307 885 457 954 Aeneida,
497 906 587 962 quam
623 885 755 943 nondum
792 885 865 943 satis
903 885 1094 959 elimavisset‚

78 970 252 1035 adolerent'.

154 1074 221 1129 Gen.
237 1078 362 1141 17,10,1
381 1088 447 1127 amru
461 1088 575 1136 inquit-
589 1087 709 1127 adorarem.
738 1079 799 1141 laq.
819 1074 854 1139 of.
869 1073 940 1128 Stat.
955 1074 1003 1127 uit.
1018 1073 1095 1142 Vero.

74 1164 105 1216 p.
114 1147 193 1200 5911.
218 1147 333 1200 Hieron.
348 1148 380 1199 ia
391 1146 507 1199 Zoster.
519 1149 544 1210 6,
551 1149 604 1199 881
615 1145 685 1199 Vult.
692 1165 702 1211 ;
716 1147 792 1213 epist.
807 1143 845 1198 ad
861 1144 953 1199 Gatst.
966 1147 1055 1209 1485
1065 1145 1094 1198 V.

80 1222 211 1286 -16sq.
243 1219 278 1284 ef.
294 1216 366 1271 Suet.
381 1217 448 1271 ibid.
458 1234 488 1285 p.
501 1220 537 1269 63
547 1216 582 1270 R.
611 1215 683 1270 Serv.
699 1216 901 1284 Aenum.
932 1217 1055 1270 Maerob.
1071 1219 1097 1280 1,

78 1292 124 1354 24,
140 1293 165 1342 6.
199 1289 283 1342 Antia
304 1289 368 1342 Lat.
389 1292 442 1342 653
460 1289 548 1356 praef.
587 1289 661 1341 Plia.
681 1306 707 1341 a.
722 1289 747 1340 h.
769 1291 794 1353 7,
810 1291 869 1340 114.
907 1288 1019 1358 Hysiai
1036 1288 1096 1353 alii,

80 1361 134 1414 atii
153 1360 238 1414 Varii
252 1360 296 1427 (of.
311 1359 403 1428 praef.
423 1360 460 1414 ad
478 1361 560 1429 hunc)
579 1361 692 1428 nemisia
709 1361 740 1413 e'u
757 1360 819 1414 istis
836 1358 936 1412 eidem.

152 1470 169 1519 8
187 1465 342 1522 redderetis
361 1468 452 1521 Paris.
469 1468 542 1521 Voss.
562 1468 626 1520 Lat.
642 1467 673 1520 F
690 1471 707 1519 7
816 1470 831 1518 9
850 1482 957 1520 verum:
984 1482 1031 1520 em.
1056 1482 1097 1535 oq.

82 1543 115 1592 10
135 1536 253 1592 dixisses
272 1540 324 1607 (-et
342 1539 445 1607 Poris.)
464 1537 521 1606 inq.
542 1539 632 1593 Paris.
654 1539 727 1592 Voss.
746 1538 817 1592 idom
