2400 3824
228 186 256 241 Ο.
275 185 363 240 Iulius
381 187 519 256 Hyginus.
553 187 580 241 C.
600 187 747 240 Maecenas
766 186 896 241 Melissus
1010 186 1075 252 537

132 350 199 403 Geel,
220 352 466 414 6,20,1a1spam
480 362 573 411 —1ugo
613 364 646 400 ea
671 364 715 400 res
741 363 842 401 verane
868 364 905 400 an
932 346 1006 401 falsa
1033 348 1078 414 sit,

56 438 113 474 non
138 419 247 485 laborm
278 420 346 486 quin
369 422 465 473 tamen
489 419 589 472 melius
613 419 781 487 suaviusque
806 419 842 472 ad
866 434 946 472 aures
970 419 1007 472 sit
1031 436 1080 474 ora

58 507 143 558 quam
162 490 243 557 Nola,
264 491 381 544 dubium
399 492 429 544 id
448 508 504 544 non
523 493 573 544 est.
611 505 677 542 nam
700 490 805 543 vocalis
828 490 858 542 in
880 490 973 558 priore
997 507 1079 544 versu

59 565 184 616 extrema
208 562 362 630 eademque
385 563 415 615 in
439 562 567 630 sequenti
590 561 681 630 prima
705 578 806 615 canoro
826 561 1014 630 simulatque
1036 562 1077 616 iu-

59 635 151 688 cundo
169 634 251 686 hiatu
269 633 384 687 tractim
403 636 491 688 sonat.
521 635 554 700 cf⁴
572 633 643 687 Sero.
660 634 737 687 Dare.
756 650 781 703 9.
796 636 823 699 2,
837 636 900 687 224.
920 633 993 686 Seru.
1009 634 1078 687 Aere.

59 711 83 770 7,
104 709 164 759 740.
193 708 246 760 isla
272 707 489 760 narratiuncula
513 706 594 775 coloe
613 705 729 774 Hypiao
748 704 880 758 tribuitur
898 704 943 770 (cs.
960 704 1079 758 Ribbeck

53 795 84 846 p,
104 779 160 845 23),
176 777 264 831 Probo
283 783 380 831 contra
398 795 416 830 a
430 778 598 844 Nettleshc'po
613 776 752 842 (Lecturec
770 776 829 829 aral
848 792 946 845 escape.
973 775 1080 842 Oaford

59 853 134 902 1885
148 865 178 916 p.
189 850 263 917 274).
296 864 343 919 epo
358 848 390 901 cle
404 850 554 902 mutatione
568 849 640 901 uocis
654 848 744 901 Nolae
759 864 777 900 a
795 848 913 916 Verpillo
931 848 1009 914 facta
1023 863 1080 901 aou

59 921 164 985 dubito,
181 919 228 973 sed
246 936 331 974 causa
350 920 513 974 nautattouc's
526 926 582 974 tara
596 919 689 983 futilis
703 935 736 973 ac
748 919 869 973 mortono
883 920 942 972 ciro
961 918 1080 988 ludtqaa

58 997 104 1056 est,
123 997 155 1044 ut
172 1009 232 1044 eam
251 998 337 1045 aetate
354 992 500 1060 posteriorc
517 993 558 1044 ael
577 992 610 1044 ab
630 992 803 1044 obtrectatore
822 989 941 1057 aurodona
966 989 1081 1060 Verya'la'e'

59 1062 153 1128 rictam
171 1079 224 1116 esse
243 1063 360 1128 credam,
379 1064 451 1131 quod
465 1079 494 1116 eo
513 1064 626 1128 facilius
644 1062 705 1128 fieri
719 1063 812 1129 potuit
826 1078 885 1114 cum
900 1062 985 1126 Nola,
1004 1061 1081 1128 apud

58 1151 140 1202 quoa-oz
168 1136 303 1204 Veraila'us
332 1141 472 1202 acceptum
501 1150 630 1188 secessum
661 1133 777 1187 babebat
806 1132 889 1200 (Suet.
915 1133 973 1186 uita
1003 1133 1078 1201 Vero.

55 1223 85 1274 p.
107 1209 142 1259 57
161 1206 221 1274 a),
240 1221 376 1274 nusquam
395 1208 426 1258 ιἰι
443 1206 575 1276 yeorqicic
594 1211 644 1258 aut
662 1205 732 1258 altat
750 1207 886 1274 leuaretur.

496 1310 642 1365 FALSUM

549 1419 593 1476 23

129 1515 238 1591 Hyllus
257 1516 334 1574 libro
355 1535 441 1591 quem
461 1516 497 1574 de
517 1516 561 1574 dis
581 1517 748 1590 composuit
767 1517 810 1573 ait
824 1515 961 1573 Vitulam
979 1516 1081 1574 vocari

61 1605 155 1678 deam,
180 1625 255 1680 quae
280 1606 414 1663 laetitiae
437 1609 563 1680 praeest.

136 1705 260 1759 Macrob.
280 1707 348 1770 ae,
363 1708 398 1758 13
423 1718 505 1766 Hyuus
523 1735 550 1742 -
568 1720 660 1765 praesse.
699 1703 825 1772 ‘Hyllus'
846 1719 943 1756 nomeu
962 1709 1000 1757 est
1013 1719 1079 1771 pro-

60 1776 124 1828 bum
142 1782 167 1828 et
184 1778 333 1840 usitatum
352 1774 384 1828 cle
403 1776 543 1843 supposito
558 1775 673 1844 Hyaiuo
692 1775 726 1840 cf.
746 1780 803 1827 test.
819 1779 862 1828 12.
896 1775 928 1827 dc
944 1791 973 1828 re
993 1775 1080 1828 Varro

58 1847 96 1911 fr.
113 1850 172 1901 135.
202 1848 269 1900 Piso
287 1849 323 1913 fr.
344 1851 369 1900 6.

134 1958 147 2004 1
167 1953 251 2021 hylus
268 1955 360 2007 Paris.

254 2159 295 2244 S.
330 2158 606 2244 MAECENAS
640 2157 892 2244 MELISSUS

405 2347 443 2411 A.
467 2345 737 2411 aasumensi

61 2433 172 2486 VITAE

134 2527 157 2576 1.
179 2523 220 2576 ‘a
232 2523 372 2577 Melissus'
386 2522 457 2576 Suet.
469 2524 596 2576 Ps·Acro
613 2524 672 2591 (qui
684 2523 756 2589 falso
768 2522 907 2591 ‘Gneus’),
923 2522 1083 2577 ‘Maecenas

62 2594 204 2648 Melissus'
226 2595 311 2660 Pela,
330 2596 464 2662 ceteroqui
483 2593 646 2648 ‘Melissus'.

132 2669 159 2719 2.
179 2666 252 2720 Soet.
272 2666 304 2719 cle
322 2682 434 2734 aratura.
450 2669 485 2719 21
506 2663 533 2718 C.
553 2663 683 2718 Melissus
704 2663 812 2732 Spoleti
830 2665 913 2716 natus
932 2663 1080 2734 ingenuus,

63 2737 112 2790 sed
132 2736 167 2790 ob
187 2736 357 2790 discordiam
375 2738 526 2804 parentum
545 2736 701 2804 expositus,
726 2751 792 2789 eura
811 2737 839 2788 et
858 2735 998 2788 industria
1017 2735 1082 2788 edu-

62 2808 164 2862 catoris
189 2808 232 2860 sui
256 2806 359 2860 altiora
385 2806 480 2860 studia
497 2807 625 2876 percepit
644 2823 676 2860 ac
695 2806 853 2859 Maecenati
872 2822 923 2874 pro
942 2823 1082 2875 gramma-

61 2879 118 2932 tico
144 2879 254 2931 muneri
280 2879 363 2932 datus
390 2880 440 2932 est.
479 2878 523 2932 cui
550 2895 613 2932 cum
641 2894 669 2930 se
693 2879 804 2947 gratum
829 2879 857 2930 et
881 2879 1029 2946 acceptum
1052 2878 1082 2930 in

61 2950 175 3003 modum
200 2949 283 3003 amici
308 2951 429 3016 videret,
454 2965 625 3018 quamquam
649 2950 789 3002 asserente
808 2951 907 3013 matre,
926 2949 1082 3016 permansit

61 3024 157 3075 tamen
185 3021 215 3074 in
243 3023 319 3074 statu
347 3021 489 3075 servitutis
517 3022 750 3090 praesentemque
779 3020 972 3074 condicionem
999 3036 1082 3074 verae

62 3093 165 3163 origini
193 3093 368 3162 anteposuit3
393 3109 479 3160 quare
503 3092 559 3146 cito
583 3092 769 3144 manumissus
788 3092 915 3160 Augusto
936 3092 1022 3144 etiam
1041 3093 1083 3145 in-

64 3165 191 3218 sinuatus
211 3166 261 3217 est.

134 3240 158 3289 3.
179 3237 294 3290 Hieron.
319 3237 357 3289 ad
379 3254 405 3290 a.
426 3237 492 3290 Abr.
512 3239 585 3290 2013
600 3261 634 3278 =
650 3234 732 3304 aeoli
764 3233 893 3287 Melissus
922 3233 1083 3303 Spoletinus

62 3307 263 3377 grammaticus
283 3307 451 3375 agnoscitur.
486 3309 578 3375 ltaque
595 3307 652 3372 suit
670 3307 785 3376 quiuo
809 3312 896 3360 aetate
914 3323 1019 3374 suppar
1038 3307 1082 3374 (cf.

62 3380 107 3433 De
126 3379 245 3433 bebllotb.
265 3385 321 3432 test.
342 3380 397 3444 15).

133 3455 158 3504 4.
179 3451 254 3504 Ple'u.
274 3467 301 3503 a.
321 3451 346 3502 b.
366 3454 412 3516 28,
433 3454 471 3504 62
488 3449 609 3502 triennio
629 3448 822 3502 Maecenatem
840 3447 984 3501 Melissum
1004 3463 1082 3501 acce-

61 3521 154 3591 pimus
170 3520 313 3574 silentium
328 3519 383 3574 sibi
396 3520 578 3589 imperavisse
593 3537 610 3573 a
624 3519 801 3574 convolsione
815 3519 926 3572 reddito
938 3519 1083 3589 sanguine.

63 3596 98 3660 cf.
120 3594 248 3658 Matura,
269 3592 419 3662 Quelleuler.
440 3593 465 3646 d.
486 3593 540 3663 No.
560 3591 586 3645 d.
606 3593 682 3647 Plio.
700 3608 728 3660 p.
748 3595 812 3646 367.

1182 3628 1188 3671 l
