2400 3824
94 134 161 200 486
262 133 468 189 Grammaticus
487 135 589 188 aetatis
608 135 767 204 Augusteae
786 134 949 205 fragmenta

163 302 267 350 restaat
285 296 344 350 Iua.
364 295 396 349 ile
415 295 477 348 tat.
501 313 572 349 uam.
608 295 699 350 CGK
719 295 851 361 V586,4
874 295 983 365 (pelves
1004 295 1112 365 generis

92 365 230 434 feminini,
257 369 289 419 ut
312 365 422 418 Villius
452 368 605 434 ‘perfusam
633 367 763 435 pelvem’)
796 373 821 420 et
849 367 932 422 Oltar.
955 385 987 436 p.
1015 372 1060 432 73,
1077 371 1112 421 20

92 440 168 506 (ada.
189 439 272 506 Keil).
310 440 368 492 illie
386 444 489 504 tamea,
517 441 599 492 etiam
621 440 647 492 si
673 438 819 508 ‘Valyias'
839 440 871 492 tu
891 439 1038 493 ‘Vallias'
1058 455 1110 493 ear·

92 517 203 578 ruptum
229 526 283 563 esse
307 515 375 563 reete
400 509 501 578 Haupt
525 512 650 575 cauieeit,
679 511 752 564 loeus
777 527 810 563 ea
834 511 959 564 eaiuaiue
985 511 1110 578 quodam,

92 598 148 634 aaa
171 598 204 634 ea
223 581 292 634 libro
310 583 488 650 yrammatiea
513 588 637 648 sumptus
656 598 709 635 esse
731 582 852 647 videtum
877 582 923 635 hie
948 589 1043 636 autem
1060 597 1110 650 pro

94 652 189 776 ‘allius’
207 653 357 706 arbitraria
374 652 514 721 ‘Valqius'
533 655 640 720 positus
659 658 696 706 est
715 653 758 720 (af.
774 653 886 719 Seloell,
905 653 956 722 leq.
973 653 1045 706 XII
1058 654 1108 707 tat.

92 726 148 777 iel.
163 741 194 791 p.
210 727 263 792 33).

391 964 581 1052 GAVIUS
614 963 806 1051 BASSUS

434 1169 472 1234 A.
496 1168 761 1235 ssssaiONJs

163 1333 187 1381 1.
212 1329 244 1381 ile
264 1329 354 1382 Gauio
373 1330 463 1382 Bassa
482 1346 500 1381 a
521 1329 614 1383 ansia
637 1328 830 1398 distiaaueada
852 1329 934 1382 aulla
953 1330 1014 1382 iaia
1033 1330 1106 1383 ‹luli-

91 1400 160 1453 tatia
183 1407 225 1471 est,
244 1401 288 1467 (af,
307 1400 397 1465 tatu,
416 1401 507 1468 praef.
532 1401 570 1453 aa
589 1402 663 1454 Pers.
683 1401 729 1454 Fl.
744 1417 775 1467 p.
790 1400 929 1454 XXVIII
944 1401 1043 1468 adu.);
1064 1402 1108 1469 qui

91 1471 202 1537 quaudo
228 1473 314 1535 l'uerit
340 1488 373 1524 ea
398 1489 427 1526 eo
447 1478 534 1540 patet,
560 1472 632 1540 quael
655 1489 752 1539 equum
774 1471 906 1524 Seiauaia
923 1472 1015 1542 Arais
1033 1473 1106 1536 vidit,

91 1544 140 1609 qui
158 1559 176 1594 a
195 1542 341 1596 Dolabella
360 1561 385 1595 a.
403 1544 500 1613 711s43
524 1546 554 1596 ia
577 1543 689 1613 Syriam
712 1549 790 1596 euate
812 1544 898 1612 Arqis
916 1543 1057 1597 abductus
1074 1550 1107 1597 est

91 1613 137 1679 (fi.
152 1618 185 1678 4,·
208 1615 242 1678 ef.
263 1614 348 1678 Rota,
370 1615 493 1668 Heidelb.
513 1615 625 1668 Jalubb.
641 1620 665 1668 4.
690 1618 763 1668 1845
780 1631 810 1681 p.
827 1616 898 1682 613).
936 1631 1001 1668 eum
1021 1622 1105 1668 autem

92 1685 135 1737 M.
146 1685 266 1739 Autauii
279 1687 418 1739 triumviri
431 1688 573 1739 iateiituia
587 1689 623 1754 (a.
636 1689 690 1740 724
693 1686 706 1756 s
709 1688 755 1753 30)
772 1687 830 1753 ipse
844 1686 968 1755 attiyisse
982 1688 1106 1740 videatur

91 1756 137 1822 (fr.
153 1758 189 1824 4),
203 1763 268 1825 past
286 1757 335 1810 lae
353 1764 456 1825 tempus
474 1759 590 1825 scripsit.

163 1849 189 1899 2.
211 1845 409 1910 Gell.3,19,1
430 1845 511 1898 Gavii
531 1845 611 1898 Bassi
631 1845 735 1898 eruditi
753 1844 805 1896 viri
823 1847 904 1899 varia
923 1845 1037 1900 deeius
1056 1854 1104 1915 ety-

89 1918 141 1970 iais
159 1917 265 1970 iudicia
283 1917 325 1969 vd.
346 1917 384 1970 ad
401 1919 436 1982 fr.
452 1923 477 1970 1.
493 1921 516 1970 3.
534 1921 558 1970 6.
574 1921 598 1970 7.
614 1922 640 1971 8.

161 2009 185 2058 3.
205 2005 333 2074 Falqeat.
344 2022 433 2072 expos.
444 2022 519 2059 serui.
532 2007 615 2074 autiq.
626 2009 662 2059 33
673 2006 718 2076 [=
729 2007 837 2060 Paleou.
848 2011 898 2059 sat.
907 2022 935 2072 p.
947 2009 1013 2072 245,
1022 2012 1040 2062 3
1049 2006 1106 2077 Β.)

90 2075 193 2128 Gavius
216 2075 318 2129 Bassus
342 2075 372 2128 in
396 2077 515 2130 satiris
540 2077 592 2129 ait:
621 2077 751 2130 ‘veruina
774 2076 974 2144 confodiendo,
999 2094 1059 2131 non
1081 2080 1105 2130 te

89 2147 173 2199 nauci
191 2146 286 2200 saoio'.
324 2148 505 2215 diffidendum
524 2150 631 2202 scilieet.

159 2325 291 2392 reliquias
309 2325 368 2378 coll.
388 2326 502 2391 Lersclt,
529 2326 635 2380 Gauius
654 2328 761 2380 Bassus
783 2325 843 2380 aad
867 2327 981 2381 Caesius
998 2328 1108 2382 Bassus

89 2396 198 2464 (Philol.
215 2401 238 2449 1.
260 2400 332 2450 1846
349 2413 376 2463 p.
393 2398 506 2466 msa).

431 2648 466 2712 B.
490 2647 763 2713 FRAGMENTA

195 2821 244 2875 DE}
264 2822 413 2877 ORIGINE
432 2823 635 2878 VERBORUM
654 2824 701 2877 ΕΤ
720 2822 998 2878 VOCABULORUM

161 2966 296 3034 iateqraia
311 2969 399 3034 operis
413 2969 616 3036 inscriptionem
631 2967 748 3021 tradidit
761 2967 838 3021 semel
849 2967 955 3022 Gellius
970 2971 1108 3036 (3,19,1);

90 3036 234 3089 breuiorem
253 3039 323 3090 euim
344 3036 387 3091 ‘ali
405 3040 472 3108 oria.
491 3039 605 3103 vocat),
624 3055 706 3106 qaam
724 3040 749 3092 is
767 3039 836 3092 auti
853 3046 973 3106 usurpat
990 3041 1029 3108 (2,
1045 3046 1072 3107 4,
1083 3046 1107 3094 3.

89 3111 114 3170 5,
126 3109 151 3172 7,
164 3112 187 3160 1.
203 3113 247 3172 11,
258 3112 301 3173 17,
311 3110 346 3176 4),
361 3109 530 3163 deeuutatam
539 3127 592 3164 essi
602 3116 673 3163 totus
686 3111 813 3178 aqueuili
825 3109 921 3164 modus
934 3112 1014 3164 aerbo
1025 3112 1107 3167 ‘caia-

85 3179 190 3245 posuit'
207 3179 302 3232 addita
318 3180 434 3233 osteudit
452 3183 495 3247 (af.
511 3181 706 3246 masalma,
725 3181 757 3234 de
773 3181 840 3235 Gall.
853 3181 923 3246 faut.
936 3197 968 3249 p.
985 3187 1030 3236 16.
1053 3186 1108 3253 18).

88 3251 156 3317 quia
182 3257 272 3303 autem
298 3253 384 3305 alteia
409 3254 585 3320 iusaiptiaue
614 3252 832 3306 ‘commeatarii’
861 3251 976 3314 eaualeiu
1004 3254 1109 3309 libiam

90 3319 195 3374 Gellius
209 3323 348 3392 iutelleqat
366 3325 401 3390 (3,
413 3327 438 3388 9,
450 3328 472 3376 1.
494 3328 538 3390 18,
549 3326 576 3392 3)
594 3339 651 3376 aaa
665 3323 759 3377 dubita
775 3323 818 3392 (ef.
835 3324 1025 3380 Kretisctuar
1039 3328 1108 3382 alid.

85 3407 114 3458 p.
130 3395 186 3459 99),
204 3395 363 3460 praesertim
382 3411 442 3447 auia
461 3396 486 3448 ei
504 3396 685 3462 appellationi
704 3394 770 3448 ‘sui’
786 3410 938 3463 wouaatea
957 3397 1109 3469 adiuayat.

83 3479 129 3517 res
151 3465 306 3520 litterarum
333 3465 429 3521 ardiae
454 3466 571 3538 ‹liaestas
594 3482 647 3520 esse
669 3482 702 3519 ea
727 3467 792 3519 loeis
817 3466 966 3533 Gelliam,
993 3471 1045 3536 qui
1068 3473 1112 3526 ita

66 3538 241 3609 procedunt,
263 3541 374 3598 Hosius
393 3541 511 3597 caaiecit
529 3539 631 3610 ipsaef.
650 3536 689 3590 aa
707 3536 779 3589 Sall.
794 3535 967 3600 amm.
