2400 3824
127 197 196 272 438
279 207 484 262 Grammaticae
504 209 606 262 aetatis
625 208 816 263 Varronianae
836 209 999 280 fragmenta

593 372 714 457 5[⁶l.

198 503 338 576 compita,
357 503 391 558 ut
409 501 548 560 Trebatio
567 501 675 577 placet,
698 502 781 562 locus
802 502 993 579 expluribus
1012 505 1150 579 partibus

130 589 164 648 in
196 607 226 649 sa
258 590 307 648 vel
338 590 371 647 in
403 589 519 648 easdem
553 591 655 666 partes
688 611 722 649 ex
755 609 785 650 se
817 592 883 650 vias
915 594 1009 667 atque
1040 593 1149 652 itinera

131 679 271 755 dirigens,
290 681 353 739 sive
371 680 397 737 is
416 697 483 737 cum
507 697 560 738 ara
582 681 645 738 sive
664 680 726 739 sinc
746 698 807 755 ara,
826 681 889 740 sive
907 680 961 740 sub
981 684 1067 740 tecto
1089 683 1149 742 sive

131 768 185 826 sub
209 768 278 827 divo
303 770 351 842 sit,
374 766 427 825 ubi
449 769 561 846 pagani
584 771 715 847 agrestes
738 768 847 828 bucina
869 771 1029 829 convocati
1054 771 1149 830 solent

105 858 212 915 bcenta
239 858 315 915 inire
343 857 482 931 concilia3
514 856 584 915 hinc
612 861 642 916 et
669 858 746 916 lares
777 857 974 934 compitalicii
998 861 1029 918 et
1058 860 1148 918 feriae

131 945 357 1021 compitaliciae.

178 1061 273 1126 ¹Sero.
298 1063 375 1115 Dan.
398 1079 424 1131 9.
447 1065 474 1127 2,
490 1066 543 1117 383
572 1079 669 1126 compita
692 1097 718 1103 -
741 1078 910 1127 comprimens.
946 1065 982 1130 cf.
1009 1066 1101 1121 Varro
1119 1067 1148 1120 dc

130 1133 365 1200 1.L.6‚25.43.
394 1133 477 1188 Paul.
500 1133 572 1189 Fert.
586 1152 617 1203 p.
633 1140 677 1202 40,
693 1139 718 1189 3.
829 1150 831 1154 ’

203 1263 216 1308 1
237 1259 270 1310 ut
287 1257 400 1310 relatio:
420 1275 468 1311 cm.
483 1258 638 1314 Salmasius
710 1267 725 1313 b
746 1259 919 1330 compitalici

486 1471 668 1526 mannaan
688 1472 788 1526 suuis

542 1627 561 1682 c
585 1617 634 1702 [p.
655 1618 734 1703 424]

197 1765 215 1804 a
238 1766 344 1824 genere
369 1747 530 1823 quaerendi
553 1752 724 1824 quaestores
754 1751 842 1808 initio
866 1749 961 1808 dictos
986 1753 1019 1810 et
1043 1751 1150 1811 Iunius

131 1827 183 1913 [fr.
204 1829 237 1914 1]
262 1839 292 1896 et
314 1837 471 1896 Trebatius
495 1840 525 1896 ct
548 1837 714 1897 Fenestella
737 1839 879 1897 scribunt.

21 2009 23 2014 ,
140 1985 142 1989 v
201 1953 268 2022 Diy.
288 1957 376 2020 1,13‚
396 1958 451 2019 1,1
471 1952 608 2022 Ulpianus
632 1953 710 2015 libro
730 1954 867 2024 singulari
891 1955 925 2008 de
949 1954 1046 2010 officio
1067 1973 1153 2024 quae-

130 2021 221 2075 storis.
242 2053 274 2063 -
294 2026 323 2079 el
341 2049 447 2088 agenore
462 2057 488 2063 -
502 2040 606 2079 scribunt.
643 2027 677 2091 cs.
694 2027 757 2079 Iun.
779 2022 892 2081 (irascit.
913 2026 929 2079 l.
945 2042 967 2080 e.

513 2353 767 2441 SAUFEIUS

201 2541 333 2606 Saufeius
365 2541 435 2595 idam
468 2557 521 2595 esse
547 2541 655 2595 videtur
682 2546 763 2610 atque
790 2558 867 2610 eques
894 2542 1042 2596 Romanus
1061 2545 1152 2599 Attici

130 2610 294 2678 famaliaris,
317 2613 349 2665 de
368 2629 420 2680 quo
439 2613 473 2678 cf.
494 2611 574 2666 Ocra.
593 2612 664 2681 Nep.
684 2613 742 2667 Aa.
759 2615 835 2678 12,3
854 2619 879 2666 et
899 2612 952 2667 Cic.
973 2613 1013 2666 cd
1032 2615 1092 2669 Art.
1109 2621 1151 2680 14,

131 2688 205 2749 rs,4
223 2685 260 2736 al.
280 2685 324 2752 (cf.
344 2684 505 2750 Drumoaa,
526 2683 618 2737 aesca
639 2683 724 2738 Roma
742 2687 768 2749 5,
783 2687 836 2752 78).

464 2878 513 2932 nx
530 2876 688 2932 mosano
707 2877 814 2932 imao

505 3023 619 3108 [nnn
635 3033 652 3086 1
673 3023 769 3108 Pera]

198 3152 335 3212 Saufeius
349 3152 471 3212 Latium
490 3154 603 3212 dictum
621 3155 673 3227 ait,
693 3153 771 3228 quod
789 3153 833 3212 ibi
851 3154 1003 3212 latuerant
1016 3155 1149 3240 incolae,

131 3244 183 3319 qui
207 3244 348 3318 quoniam
370 3245 402 3301 in
425 3245 506 3302 cavis
529 3242 676 3302 montium
698 3243 746 3302 vel
770 3242 894 3302 occultis
924 3246 1065 3303 caventes
1090 3245 1150 3305 sibi

132 3351 150 3391 a
181 3333 253 3391 feris
284 3331 379 3390 beluis
411 3332 459 3391 vel
492 3351 510 3390 a
541 3331 755 3391 valentioribus
787 3331 835 3390 vel
867 3349 886 3390 a
916 3334 1150 3408 tempestatibus

125 3421 341 3502 habitaverint,
372 3419 475 3484 Cascei
500 3421 603 3482 vocati
624 3424 704 3494 sunt„
731 3439 804 3496 quos
831 3422 943 3496 posteri
965 3419 1149 3500 Aborigines

79 3515 384 3594 scognominanmt,
409 3513 561 3596 quoniam
584 3513 624 3574 ab
645 3513 688 3572 iis
710 3511 793 3569 ortos
814 3525 880 3565 esse
896 3510 1156 3581 recognoscebant

110 3620 136 3663 '1
161 3606 282 3684 quibus
304 3610 448 3675 Latinos
472 3610 575 3672 etiam
600 3605 713 3666 bictos.
