2400 3824
425 151 462 207 M.
482 151 629 206 Terentius
650 151 736 207 Varro
1022 153 1088 220 359

72 321 189 396 partis
217 320 394 379 disiectus
423 321 485 394 sit,
515 320 745 380 dimidiatum
768 340 845 381 eum
869 340 944 381 esse
968 322 1086 382 dicere

72 409 242 485 scyphum
266 408 389 484 dobeo,
418 428 486 468 non
509 409 709 484 dimidium,
739 413 927 488 argentum
955 415 1086 487 autem,

73 498 165 574 quod
195 499 232 557 in
261 517 300 556 eo
333 499 466 575 scypho
496 501 607 572 inest,
639 498 826 558 dimidium
856 519 967 558 meum
997 519 1086 576 esse,

73 607 141 646 non
178 587 423 664 dimidiatum,
465 587 641 664 disseritque
678 607 713 647 ac
749 588 857 647 dividit
893 589 1086 648 subtilissime

72 676 145 752 quid
172 676 328 735 dimidium
356 676 512 735 dimidiato
539 678 672 751 intersit,
702 680 732 736 et
755 677 788 746 Q.
809 678 939 736 Ennium
961 679 1088 738 scienter
1102 689 1127 730 ¹⁸

71 765 177 825 hocin
197 765 354 824 annalibus
373 766 481 826 dixisse
500 767 544 824 ait
564 763 644 842 [536
660 758 734 842 V.²]:
758 761 861 826 ‘sicuti
879 767 905 826 si
924 768 991 843 quis
1010 767 1088 826 ferat

72 873 125 914 vas
144 856 208 913 vini
226 851 437 913 dimidiatum'.
474 857 562 914 sicuti
584 873 654 931 pars
675 874 750 931 quae
773 856 855 915 deest
878 856 905 915 ei
924 874 1004 930 vaso,
1028 876 1087 915 non

71 944 229 1003 dimidiata
250 943 373 1003 dicenda
392 946 446 1016 est,
470 944 521 1002 sed
539 943 673 1002 dimidia.
716 946 811 1003 omnis
830 947 931 1004 autem
954 945 1087 1021 disputa-

71 1035 164 1092 tionis
192 1034 268 1107 eius,
298 1051 389 1109 quam
418 1033 568 1091 subtiliter
595 1033 729 1108 quidem,
759 1033 810 1092 sed
838 1035 1015 1093 subobscure
1039 1053 1086 1093 ex·

71 1124 173 1199 plicat,
194 1141 310 1182 summa
328 1123 401 1180 haec
419 1125 476 1181 est:
500 1122 690 1181 dimidiatum
708 1125 753 1181 est
772 1124 858 1198 quasi
876 1123 1087 1182 dismediatum
1101 1135 1128 1176 so
1188 1158 1193 1166 ·

71 1216 102 1270 et
131 1214 162 1269 in
190 1213 285 1287 partis
316 1211 389 1269 duas
419 1229 504 1287 pares
535 1211 677 1286 divisum,
708 1211 898 1270 dimidiatum
928 1231 998 1290 ergo
1028 1213 1087 1271 nisi

70 1303 182 1376 ipsum,
214 1301 291 1376 quod
321 1300 449 1359 divisum
477 1303 534 1373 est,
562 1301 620 1358 dici
648 1302 722 1359 baut
750 1303 899 1376 convenit3
930 1301 1087 1360 dimidium

71 1409 142 1448 vero
171 1392 223 1464 est,
250 1396 311 1447 n'on
339 1389 418 1464 quod
446 1391 543 1464 ipsum
572 1390 762 1448 dimidiatum
790 1394 843 1464 ast,
873 1390 925 1449 sed
948 1409 1024 1466 quae
1052 1410 1087 1449 ex

71 1479 229 1537 dimidiato
256 1495 326 1554 pars
355 1479 450 1537 altera
478 1482 530 1537 est.
577 1498 644 1537 cum
671 1480 766 1556 igitur
792 1482 909 1556 partem
932 1479 1087 1537 dimidiam

70 1568 141 1626 libri
164 1568 270 1645 legisse
294 1567 431 1626 volumus
454 1567 550 1626 dicere
574 1572 628 1626 aut
650 1572 766 1643 partem
788 1569 944 1626 dimidiam
966 1569 1086 1627 fabulae
1100 1583 1126 1623 as

71 1656 201 1731 audisse,
239 1658 264 1715 si
298 1652 464 1714 ‘dimidiam
497 1651 642 1715 fabulam'
676 1662 730 1716 aut
765 1652 933 1716 ‘dimidium
965 1652 1085 1716 librum’

71 1747 206 1820 dicimus,
234 1764 403 1822 peccamus3
430 1749 529 1804 totum
557 1747 635 1804 enim
662 1748 760 1822 ipsum
789 1747 868 1822 quod
896 1746 1086 1804 dimidiatum

70 1840 162 1910 atque
186 1835 315 1893 divisum
338 1838 391 1908 est,
415 1833 571 1892 dimidium
591 1835 673 1893 diois.
709 1837 813 1911 itaque
831 1835 965 1894 Lucilius
984 1836 1087 1894 eadem

72 1928 191 1983 secutus
210 1918 314 2003 [1342
323 1917 417 2002 Mo.]:
438 1919 508 1982 ‘uno
523 1919 620 1983 oculo’
641 1925 740 1999 inquit
760 1919 955 2000 ‘pedibusque
972 1925 1086 1984 duobus

71 2013 246 2072 dimidiatus
267 2006 281 2089 s
301 2016 336 2070 ut
354 2008 482 2089 porcus'3
505 2014 613 2071 etalio
632 2013 697 2071 loco
720 2007 926 2092 [1283Ma.]:
951 2009 1088 2088 ‘quidni‘l
1101 2027 1128 2067 ao

70 2107 102 2162 et
116 2107 216 2161 scruta
230 2102 351 2178 quidem
368 2104 403 2160 ut
417 2102 527 2160 vendat
545 2103 709 2161 scrutarius
727 2103 840 2176 laudat,
856 2100 869 2181 f
886 2098 1087 2178 praefractam

71 2193 229 2269 strigilem,
252 2191 364 2250 soleam
387 2191 530 2265 inprobus
554 2187 761 2250 dimidiatam’.
808 2194 923 2250 iamin
946 2194 1086 2250 vicesimo

70 2281 258 2339 manifestius
287 2275 454 2338 ‘dimidiam
482 2276 601 2338 horam’
630 2280 726 2338 dicare
755 2281 886 2339 studiose
914 2281 1005 2358 fugit,
1036 2281 1087 2340 sed

69 2388 125 2445 pro
149 2369 273 2428 dimidia
297 2369 453 2427 dimidium
476 2371 562 2445 ponit
584 2371 616 2427 in
636 2370 716 2427 bisce
739 2370 872 2428 versibus
898 2363 932 2448 [5
939 2363 1086 2448 71Ma.]:

71 2455 260 2535 ‘tempestate
280 2477 334 2516 sua
353 2461 442 2533 atque
462 2457 565 2517 eodem
584 2477 644 2516 uno
663 2463 796 2534 tempore
816 2461 847 2516 at
864 2459 955 2518 horae
971 2451 985 2537 l
1000 2459 1086 2516 dimi·
1100 2471 1125 2512 as

71 2548 121 2606 dio
146 2551 176 2606 ct
198 2547 294 2606 tribus
318 2548 459 2605 confectis
483 2546 662 2605 dumtaxat
685 2547 809 2606 eandem
829 2540 844 2626 l
864 2547 902 2605 ad
925 2543 1086 2622 quartam'.

138 2674 208 2713 nam
231 2674 297 2713 cum
322 2654 443 2712 obvium
469 2655 697 2729 proximumque
725 2656 802 2712 esset
825 2653 922 2713 dicere
951 2649 1086 2712 ‘dimidia

70 2747 102 2803 et
128 2744 224 2802 tribus
253 2739 420 2817 confectis',
453 2743 578 2819 vigilate
609 2747 699 2817 atque
730 2745 843 2801 attenta
874 2741 997 2801 verbum
1027 2762 1087 2801 non

70 2833 197 2910 probum
220 2833 336 2891 vitavit.
382 2852 435 2908 per
459 2831 537 2907 quod
560 2833 634 2890 satis
658 2835 783 2908 apparet
806 2851 843 2890 ne
868 2827 993 2890 ‘horam'
1019 2835 1083 2907 qui-

69 2923 138 2982 dem
166 2917 343 2980 ‘dimidiam'
372 2924 451 2980 recte
479 2921 551 2994 dici,
583 2921 634 2980 sed
664 2921 711 2979 vel
740 2915 939 2979 ‘dimidiatam
969 2915 1084 2979 boram’
1099 2939 1126 2978 ic

69 3012 118 3070 vel
144 3006 309 3069 ‘dimidiam
338 3013 454 3086 partem
476 3005 587 3069 borae'.
634 3013 793 3085 propterea
816 3009 940 3068 Plautus
968 3029 1086 3085 quoque

68 3103 102 3160 in
118 3100 316 3160 Bacchidibus
339 3094 453 3178 [1189]
474 3093 641 3157 ‘dimidium
661 3093 738 3157 auri’
757 3099 839 3171 dicit,
857 3119 917 3157 non
937 3093 1086 3156 ‘dimidia-

68 3193 136 3248 tum
164 3183 290 3263 aurum'3
323 3190 396 3247 item
423 3191 453 3246 in
482 3188 641 3246 Aulularia
674 3183 841 3246 ‘dimidium
869 3183 994 3260 obsoni’,
1026 3207 1084 3246 non

69 3274 273 3337 ‘dimidiatum
305 3273 487 3350 obsonium',
520 3279 548 3334 iu
584 3277 639 3335 hoc
671 3295 758 3335 versu
791 3271 899 3355 [291]:
935 3272 979 3334 ‘ei
1011 3277 1084 3334 adeo

68 3369 174 3426 obsoni
204 3369 252 3426 bic
282 3367 369 3426 iussit
397 3366 553 3425 dimidium
581 3360 667 3440 daii'3
697 3369 729 3424 in
756 3366 954 3424 Menaechmis
985 3369 1085 3423 autem
1099 3383 1125 3423 io

68 3453 273 3515 ‘dimidiatum
300 3451 399 3530 diem'‚
427 3475 486 3515 non
515 3451 693 3513 ‘dimidium’
722 3457 754 3512 in
782 3455 837 3514 boc
865 3473 952 3513 versu
976 3448 1083 3532 [²57l2

68 3541 144 3605 ‘dies
170 3546 289 3620 quidem
311 3545 372 3604 iam
396 3545 434 3604 ad
456 3543 632 3603 umbilicum
654 3543 832 3604 dimidiatus
851 3537 1022 3602 mortuusis?
