2400 3824
131 187 198 252 400
282 185 487 240 Grammaticae
507 186 609 239 aetatu
628 185 820 240 Varronianus
839 185 1003 255 framenta

132 351 245 405 οτιιιιινιι
268 366 363 403 cocum
387 348 487 401 ‘totio’
513 353 538 400 et
553 347 684 401 ‘tortium'
701 347 862 415 disputavit,
880 348 937 400 sive
951 353 1067 401 tautum
1081 347 1152 401 modo

131 422 165 474 de
183 422 312 488 Pompeio
331 419 573 474 norrotiuumetom
592 419 730 486 esposuit,
753 435 787 472 ια
808 419 858 471 hoc
875 423 901 472 et
918 420 1065 486 asperiore
1082 419 1152 487 froo-

132 498 220 546 meuto
235 497 314 562 patet
330 508 391 544 eum
410 491 447 544 od
469 491 665 560 yrommote'ooe
687 490 887 556 rhetoricaeque
911 495 1082 560 ανφαιιιειιία
1095 505 1151 558 per·

132 564 280 618 tractanda
298 563 431 631 epistulis,
449 567 481 614 ut
496 562 645 614 Varronem
664 566 689 614 et
705 560 835 630 Vatyium
853 560 974 627 Rufum,
994 577 1079 616 ιιειινπ
1096 577 1150 614 osce.

205 676 220 723 3
239 655 460 723 inscriberentur
476 667 626 735 complures
644 668 720 721 codd.
826 671 859 720 13
878 666 903 738 t]
928 667 1053 720 tercium
1072 668 1149 721 Βιιιι.

133 743 225 797 Paris.
251 743 323 796 Voss.
340 741 404 793 Lot.
422 740 485 793 Fr

372 934 420 988 DE
440 934 527 988 VITA
545 934 583 988 M.
599 935 706 988 TULLI
725 933 913 988 CICERONIS

483 1088 504 1143 e
529 1079 643 1164 [uon
661 1088 683 1144 2
705 1081 802 1164 Ριοι]

202 1213 248 1269 tib.
272 1212 330 1270 IV.
377 1210 413 1269 de
441 1213 617 1286 oppugnata
650 1210 737 1269 domo
768 1203 819 1289 [L.
842 1203 976 1288 Caecilii]
1007 1226 1149 1284 nusquam

134 1302 231 1361 adhuc
261 1301 334 1378 legi,
367 1299 527 1376 Pompeius
556 1307 672 1372 tamon,
709 1317 777 1357 oum
808 1298 984 1358 defenderet
1012 1297 1149 1356 Milonem

134 1389 215 1466 apud
230 1390 372 1464 populum
383 1388 419 1447 de
434 1391 465 1446 vi
475 1393 633 1447 accusante
645 1388 757 1464 Clodio,
772 1389 882 1447 obiecit
896 1382 964 1467 [et],
978 1391 1014 1446 ut
1027 1388 1149 1464 legimns

136 1480 215 1555 apud
243 1479 383 1538 Tironem
414 1478 557 1536 libertum
581 1479 729 1536 Ciceronis
761 1479 794 1536 in
825 1477 903 1536 libro
930 1475 995 1535 1111
1026 1475 1062 1535 de
1092 1477 1149 1533 vita

108 1570 208 1643 seius,
234 1586 408 1643 oppressum
430 1562 490 1644 <a>
515 1566 619 1626 Clodio
643 1567 675 1624 L.
701 1566 862 1625 Caecilium
885 1569 1066 1642 praetorem.

206 1668 305 1721 Αεοοιι,
325 1669 356 1721 ιἰι
376 1666 477 1720 Milon.
492 1684 523 1734 p.
538 1669 574 1719 43
588 1666 658 1720 K-S.
679 1679 706 1719 οι
720 1682 851 1728 oppugnata
864 1696 892 1704 -
904 1681 1039 1727 prosum

207 1779 222 1826 3
241 1773 353 1827 obstitit
372 1774 401 1826 et
418 1775 462 1826 ut:
482 1789 530 1826 ιιιι.
547 1772 666 1843 Madvig]
683 1780 708 1827 ot
727 1773 826 1827 Baiter
898 1777 913 1824 5
934 1786 951 1822 a
970 1771 1036 1825 add.
1055 1789 1098 1841 ορ.

576 1919 637 2000 ἰθ
661 1917 710 2002 [1]

204 2040 234 2099 C.
260 2040 369 2099 Caesar
390 2040 423 2098 in
447 2039 617 2114 consulatu,
647 2059 734 2114 quem
763 2058 830 2098 cum
852 2039 891 2096 M.
917 2039 1027 2097 Bibulo
1055 2040 1149 2116 gessit,

137 2132 281 2205 quattuor
308 2130 387 2188 solos
410 2132 493 2188 extra
522 2128 656 2186 ordinem
678 2147 800 2205 rogasso
827 2128 1006 2187 sententiam
1035 2127 1147 2187 dicitnr.

137 2239 171 2277 ex
194 2219 240 2277 his
265 2222 407 2293 quattuor
430 2217 595 2294 principem
617 2217 744 2294 rogabat
766 2217 806 2275 M.
827 2216 976 2292 Crassum,
1000 2216 1053 2276 sod
1076 2217 1148 2294 poet·

137 2327 228 2384 quam
254 2307 348 2366 filiam
372 2306 423 2366 On.
447 2307 589 2382 Pompeio
618 2306 828 2382 desponderat,
857 2307 990 2383 primum
1018 2307 1149 2382 coeperat

137 2397 313 2474 Pompeium
348 2415 463 2473 rogare.
523 2395 586 2454 eius
622 2395 666 2453 rei
701 2398 850 2454 rationem
885 2395 1052 2454 reddidisse
1090 2413 1150 2453 eum

137 2488 256 2545 senatui
280 2487 350 2544 Tiro
374 2486 491 2544 Tullius
520 2485 559 2542 M.
584 2483 733 2544 Ciceronis
763 2484 889 2542 libertus
916 2485 1022 2560 refert,
1054 2485 1150 2559 itaqda

138 2595 169 2636 se
193 2595 228 2634 ox
250 2579 377 2651 patrono
401 2593 454 2634 suo
479 2573 595 2632 audisso
619 2573 730 2632 scribit.

131 2696 136 2703 ·
212 2675 279 2730 cor
294 2679 320 2740 4,
336 2678 410 2739 10‚5
429 2673 474 2744 [ιω
492 2673 573 2727 Ateio
591 2671 735 2759 Capitone]
755 2684 777 2725 c.
792 2684 873 2726 caum
885 2704 912 2756 ᾗ
925 2686 1009 2725 munst.
1028 2672 1065 2738 cf.
1085 2671 1151 2726 sur.

88 2758 90 2762 ’
137 2748 193 2801 Μ.
208 2752 251 2802 21.
282 2827 285 2831 ‚

566 2837 589 2918 †
612 2844 653 2899 10
678 2834 726 2919 [3]

208 2951 298 3018 αὗταί
327 2957 402 3017 εἰσιν
435 2957 469 3016 αἴ
498 2954 651 3037 λεγόμεναι
692 2965 745 3034 τῆς
770 2953 955 3026 διαστάσεως
995 2953 1154 3030 [Ciceronis

141 3053 168 3109 et
187 3042 352 3127 Terentiae]
376 3042 604 3124 εὐπρεπέσταται
626 3043 799 3126 προφάσεις.
836 3048 872 3128 τῇ
895 3041 926 3103 δὲ
946 3044 1086 3127 Τερεντίᾳ
1109 3039 1155 3102 καὶ

142 3136 250 3208 ταύτας
280 3132 449 3217 ἀρνουμένῃ
480 3132 617 3213 λαμπρὰν
646 3132 765 3211 ε’ποίησε
794 3132 849 3211 τὴν
877 3129 1042 3209 ἀπολογίαν
1069 3130 1156 3202 αὐτὸς

93 3232 96 3238 “
142 3225 254 3298 ἐκεῖνος
287 3217 347 3303 μετ’
380 3222 416 3284 οὐ
446 3221 542 3282 πολὺν
573 3221 680 3302 χρόνον
711 3223 808 3302 γήμας
839 3219 1008 3302 παρθένον,
1037 3219 1077 3294 ὣς
1105 3217 1157 3300 μὲν

115 3312 161 3392 αὴ
196 3313 333 3394 Τερεντία
365 3312 570 3390 κατεφήμιζεν,
602 3311 686 3391 ἔρωτι
717 3320 770 3389 τῆς
797 3310 890 3391 ὥρας,
922 3308 962 3383 ὡς
994 3306 1027 3370 δὲ
1061 3311 1158 3390 Τίρων

143 3401 159 3464 ὅ
191 3412 244 3464 τοῦ
275 3400 444 3482 Κικέρωνος
476 3399 674 3481 ἀπελεύθερος
702 3397 860 3481 γέγραφεν,
889 3397 1030 3479 εὐπορίας
1061 3397 1159 3460 ἕνεκεν

134 3491 214 3574 πρὸς
241 3492 381 3560 διάλυσιν
400 3489 544 3557 δανείων.
589 3482 627 3570 ἦν
654 3488 709 3570 γὰρ
739 3485 758 3566 ἡ
782 3494 854 3561 παῖς
876 3486 994 3565 σφόδρα
1020 3488 1159 3567 πλουσία,

68 3574 84 3591 k
124 3582 178 3646 ναὶ
210 3585 270 3669 τὴν
302 3584 417 3650 οὐσίαν
448 3581 545 3666 αὐτῆς
578 3577 595 3644 ὃ
630 3577 774 3661 Kandane.
794 3577 830 3638 u.
857 3577 952 3635 utana
978 3575 1162 3653 *tasnatum
