2400 3824
501 194 529 250 C.
548 196 673 250 Lucilius
1052 195 1097 261 45

153 357 234 411 Varr.
249 357 282 411 dc
296 358 313 410 l.
329 358 363 411 L.
379 361 405 424 7,
420 362 458 411 96
476 357 506 410 in
524 356 651 425 pluribus
667 357 757 412 verbis
773 373 790 410 a
805 357 871 410 ante
886 372 900 409 e
915 356 965 410 alii
979 359 1097 425 ponunt,

75 428 127 481 elii
147 445 211 494 non,
230 431 264 481 ut
282 428 358 496 quod
375 428 480 498 partim
499 429 597 481 dicunt
611 428 792 500 <scaeptrum
806 427 932 500 partim>
947 430 1097 496 sceptrum,

75 533 127 588 an
151 533 247 588 Plena
271 534 496 590 ratramnum
520 512 594 606 [ftn-
610 536 705 660 raab]
725 535 776 589 anri
794 535 1001 589 Feneratricem
1021 511 1096 606 [fin-

75 607 175 661 Flor..·
194 623 242 660 em.
258 607 386 730 Laeta&
410 607 451 660 sic
470 605 617 661 faenisicia
634 623 667 660 ac
698 607 815 660 enisicia
834 606 923 676 [foen
937 607 1045 677 Flor.],
1065 623 1097 660 ao

74 677 176 731 rustici
199 694 325 746 pappum
374 677 463 731 esium
481 695 537 732 non
556 677 694 731 Maesium
713 679 817 749 [maes
837 685 863 732 et
880 693 972 731 moes·
989 678 1097 748 Fara

76 765 94 802 a
114 766 169 816 quo
187 748 311 802 Lucilius
330 749 440 803 scribit:
461 762 509 804 ceo.
524 781 557 788 -
572 764 618 802 sea.
646 750 739 804 Diam.
751 767 780 818 p.
796 753 858 811 452,
874 755 908 802 15
924 749 1098 803 detractione

75 819 213 888 temporis
235 820 348 875 litterae
371 820 497 888 syllabae
517 821 729 889 adspirationis:
754 853 787 860 -
807 821 933 887 litterae,
957 822 989 874 ut
1007 821 1031 873 si
1051 821 1097 873 dc·

77 893 172 946 macta
192 907 209 943 a
227 891 324 946 littera
341 894 437 959 pretor
451 891 587 959 dicamus,
606 894 638 945 ut
651 892 774 944 Lucilius
791 891 891 963 [lucius
906 892 1009 962 codd.]:
1023 910 1098 954 prator

76 995 112 1003 -
127 977 180 1028 fist,
205 979 268 1016 cum
292 962 394 1016 debeat
418 980 450 1016 ae
473 963 650 1032 pronuntiari
672 965 793 1032 praetor.
826 964 864 1017 ad
883 965 900 1017 l.
914 964 964 1017 IX
977 963 1100 1019 Schmidt

77 1035 184 1102 aliique
210 1034 447 1099 reniterentur
471 1035 498 1088 V
521 1035 697 1089 verisimilius
720 1037 824 1101 Mamm
853 1036 947 1105 apitnr
972 1035 1044 1089 enim
1066 1035 1099 1088 de

76 1106 185 1161 rustica
200 1107 441 1174 pronuntiantium,
461 1123 517 1160 non
537 1106 569 1160 de
586 1107 739 1174 scriptura,
757 1113 790 1160 at
807 1107 838 1159 in
856 1108 893 1172 fr.
908 1110 944 1159 35
964 1106 1011 1173 (cf.
1026 1107 1099 1172 Sitti,

76 1178 123 1231 die
142 1177 193 1231 aa.
214 1178 318 1232 Versat.
338 1178 364 1230 d.
385 1178 449 1231 Lat.
469 1177 531 1245 Spu
548 1195 577 1246 p.
593 1181 677 1245 dea).
710 1179 744 1244 cf.
767 1178 833 1232 Cato
853 1184 909 1232 tect.
928 1182 991 1246 212.
1008 1182 1051 1231 10.

151 1267 246 1334 pretor
264 1282 314 1320 om.
331 1267 466 1320 Varronis
479 1267 536 1320 cod.
602 1267 653 1319 iius
668 1267 812 1321 Diomedia
827 1267 918 1321 Paris.
930 1270 1010 1320 7494.
1027 1270 1099 1320 7493

497 1399 541 1457 35
565 1393 680 1478 [1322]

146 1510 231 1566 taceo
264 1505 300 1565 de
329 1507 432 1564 Tuscis
465 1508 495 1564 et
525 1505 643 1565 Sabinis
675 1509 704 1564 et
733 1506 935 1565 Praenestinis
968 1524 1099 1581 quoque3

80 1616 152 1656 nam
166 1598 203 1654 ut
217 1615 319 1655 eorum
332 1613 467 1654 sermone
481 1598 616 1652 utentem
629 1595 764 1654 Vettium
779 1595 912 1654 Lucilius
927 1597 1098 1654 insectatur.

154 1685 248 1755 Quint.
264 1690 290 1751 1,
302 1688 328 1749 5,
339 1690 375 1738 56
393 1703 457 1738 taceo
472 1715 505 1723 -
520 1699 649 1750 mactatur,
672 1702 754 1751 quem
770 1685 806 1738 ad
820 1684 935 1738 modum
948 1684 1038 1738 Pollio
1057 1702 1100 1737 rs-

77 1756 231 1826 prehendit
253 1756 282 1809 in
305 1755 383 1810 Livio
402 1755 630 1809 Patavinitatem.
663 1757 756 1810 eadem
775 1757 951 1811 Praenestini
969 1758 1101 1810 sermonis

77 1830 174 1884 irrisio
189 1829 266 1896 apud
280 1829 414 1882 Plancum
432 1828 523 1895 (Tria.
539 1832 601 1881 609.
635 1829 713 1881 Trac.
730 1832 783 1882 691
802 1829 836 1894 cf.
853 1828 967 1894 Riteclrl,
990 1828 1099 1897 Parerp.

72 1918 104 1970 p.
125 1902 199 1968 196).
250 1900 376 1953 similiter
407 1899 496 1952 Titin.
524 1915 548 1951 a.
570 1903 623 1952 104
639 1898 735 1953 Riobe
764 1899 812 1965 qui
840 1899 923 1952 obsce
952 1902 981 1952 et
1007 1898 1099 1951 volsce

77 1971 253 2037 fabulantur,
267 1987 333 2023 nam
348 1969 437 2024 latine
450 1970 588 2023 nesciunt.
617 1973 762 2039 anominaa
776 1977 867 2024 antem
880 1970 984 2024 Vettius
994 1971 1100 2024 anilr'i

76 2043 233 2111 familiaris
250 2043 295 2107 cit,
320 2043 393 2097 nibil
411 2044 512 2096 obstat:
538 2041 716 2097 cominente
735 2043 877 2096 insectatio
896 2043 927 2095 in
946 2042 1101 2109 Scipionem

77 2115 201 2169 amicam
220 2114 254 2166 ab
273 2129 302 2167 eo
321 2114 397 2178 facta
416 2119 455 2168 est
473 2113 518 2182 (cf.
537 2114 573 2179 fr.
588 2115 643 2182 33).

153 2209 168 2255 2
189 2201 335 2255 vetticium
354 2203 452 2256 Bamb.
468 2219 502 2255 m.
517 2205 536 2255 2
550 2203 674 2256 Ambrae.
756 2222 761 2229 ·

498 2337 542 2392 ec
566 2329 682 2414 [1209]

149 2427 346 2508 ‘conspicitur
380 2427 450 2492 sus?
496 2432 639 2492 Horatius
673 2428 729 2513 [ep.
752 2438 779 2501 1,
795 2436 825 2508 2,
840 2427 896 2512 26]
932 2428 973 2490 ‘et
1006 2435 1101 2491 amica

79 2524 148 2582 luto
172 2517 245 2581 sus'.
291 2521 443 2581 sciendum
470 2525 570 2580 temen
598 2523 654 2581 hoc
681 2541 742 2583 esse
769 2524 923 2600 vitiosum,
952 2523 1101 2597 monosyl-

79 2612 151 2671 labo
182 2610 264 2669 finiri
293 2629 424 2686 versum,
457 2610 515 2671 nisi
544 2611 621 2670 forte
651 2611 717 2686 ipso
747 2610 953 2686 monosyllabo
985 2612 1102 2668 minora

81 2700 269 2777 explicentur
282 2699 434 2772 animalia,
453 2703 488 2758 ut
507 2693 594 2777 [Hor.
610 2697 673 2757 ΑΡ
685 2694 763 2779 139]
784 2695 964 2777 ‘parturient
977 2700 1101 2775 montes,

83 2793 224 2848 nascetur
251 2788 394 2847 ridiculus
422 2784 515 2862 mus'3
548 2790 693 2865 gratiores
722 2790 801 2847 enim
824 2807 926 2848 versus
953 2790 1005 2847 isti
1032 2791 1128 2850 sunto

83 2878 244 2938 secundum
268 2876 423 2936 Lucilium.

155 2959 229 3014 Serv.
243 2960 312 3012 Aen.
329 2963 354 3024 9,
368 2962 404 3012 83
422 2972 559 3021 conspicitur
574 2991 605 2998 -
621 2973 739 3014 Lucilium.

155 3049 188 3102 dc
205 3053 346 3102 strimtma
364 3064 456 3102 versas
474 3048 621 3103 Laediani
637 3049 671 3114 cf.
692 3052 774 3103 eiiam
793 3051 870 3103 Mar.
896 3049 962 3103 Vici.
981 3068 1008 3118 p.
1022 3052 1070 3112 28,
1085 3053 1102 3101 3

87 3119 127 3186 (de
145 3126 269 3187 correpta
287 3120 376 3173 cocali
393 3121 451 3173 ins
470 3120 605 3174 desinenti
622 3128 647 3174 et
663 3121 697 3175 ab
717 3123 776 3175 alia
794 3127 959 3176 consonante
973 3122 1100 3190 accepta).

501 3255 544 3310 37
568 3245 683 3332 [rnre]

152 3376 235 3436 ergo
259 3360 468 3434 praetorum
492 3360 546 3418 est
569 3362 651 3417 ante
675 3362 710 3420 et
732 3362 884 3434 praeire.

162 3457 250 3511 Varro
269 3457 302 3511 dc
320 3458 336 3510 l.
355 3458 389 3511 L
410 3461 440 3524 5,
458 3462 497 3513 80
516 3459 634 3528 praetor
658 3458 754 3516 dictus
778 3459 832 3532 qur
851 3459 985 3532 praeiret
1003 3459 1073 3512 'nune
1095 3457 1130 3508 st

90 3526 207 3577 exercitu
234 3542 316 3591 aquo
327 3527 360 3579 id
366 3528 507 3585 Lucilius:
523 3550 737 3601 ergo—prasina.
768 3536 1009 3607 Cic.deth.3,b
1025 3539 1147 3595 aprut-

76 3590 142 3640 urdo
156 3622 189 3630 -
198 3596 354 3658 praetores.
382 3602 470 3658 alaim
481 3607 555 3666 Ista.
573 3626 618 3669 or.
634 3616 664 3685 9,
676 3617 707 3684 3,
716 3617 769 3672 27.
785 3619 815 3685 4,
829 3617 876 3670 16.
899 3607 1055 3678 cf.Vum·o
1066 3597 1170 3663 ibim·
