2400 3824
444 178 481 233 M.
502 178 649 233 Terentius
668 179 756 234 Varro
1043 181 1108 247 293

93 339 161 423 est],
180 351 222 419 ut,
241 364 307 403 cum
327 347 417 405 verba
437 366 554 422 quoque
574 367 608 405 ex
627 347 750 423 syllabis
771 352 915 422 constent,
939 369 974 408 ex
992 350 1109 410 diversa

92 434 195 511 regula
218 435 414 512 corrigantur.
1124 454 1149 496 rs

168 534 225 586 Ter.
245 533 497 602 Scaur.p.18,12
519 533 640 604 primum
665 535 754 605 igitur
775 551 826 604 per
849 535 1036 590 adiectionem
1059 537 1110 591 illa

92 605 225 657 videntur
249 620 307 657 esse
327 604 437 671 vitiosa,
457 607 532 674 quod
547 606 647 660 Accius
667 607 713 677 [fr.
728 607 777 678 24]
796 606 947 676 geminatis
966 607 1110 662 vocalibus

95 674 179 728 scribi
202 679 305 728 natura
323 680 423 746 longas
448 676 572 745 syllabas
596 677 697 743 voluit,
722 695 785 731 cum
809 677 916 748 alioqui
935 677 1046 733 adiecto
1065 678 1111 732 vel

93 746 205 829 sublato
233 747 313 815 apice
340 747 526 817 longitudinis
555 751 584 802 at
611 748 758 831 breyitatis
782 752 849 830 nota
871 751 967 818 posset
991 750 1109 804 ostendi.

93 817 476 944 {iiiimsffiicliiirisesinvircgrigs
483 820 1110 962 011101ξὶ1311οὲοΘ1111111ἓέ0111181ι11111111111

93 960 145 1013 ait:
167 961 214 1030 [fr
227 961 263 1031 7].
284 961 398 1015 deinde:
414 962 462 1034 [fr.
474 963 512 1032 8].
533 963 657 1031 itemque
672 963 747 1030 quod
762 977 1052 1027 Lucilius-corrigantur.
1071 964 1109 1019 111.

88 1049 118 1100 p.
134 1035 179 1095 32,
193 1036 229 1086 21
256 1031 406 1102 singularis
424 1050 555 1086 numerus
574 1049 624 1102 per
642 1050 727 1086 unam
746 1034 756 1086 i
775 1034 900 1088 litteram
920 1034 1059 1101 scribitur,
1079 1036 1111 1088 ut

93 1101 193 1156 docilis
212 1102 315 1171 facilis,
333 1103 452 1171 pluralis
472 1107 566 1157 autem
584 1122 663 1172 pere
678 1105 738 1170 eti,
758 1108 791 1158 ut
809 1105 919 1159 facileis
934 1105 1058 1172 docileis,
1078 1108 1110 1160 ut

94 1190 128 1226 ex
146 1173 199 1227 hoc
219 1178 354 1242 appareat
373 1174 524 1245 singularis
543 1176 612 1230 item
631 1177 719 1247 [idem
738 1178 822 1231 Bere.
839 1195 874 1231 m.
891 1183 906 1231 1
925 1179 1019 1230 utrum
1038 1176 1109 1258 sing.

95 1245 170 1316 Keil]
197 1246 235 1298 sit
261 1245 414 1314 appellatio
439 1264 475 1299 an
497 1246 623 1314 pluralis.
666 1247 758 1301 aureis
782 1265 852 1315 quas
878 1249 961 1302 modo
988 1248 1110 1302 aetheris

105 1317 172 1369 -1010
192 1318 267 1387 Ρο1.]
292 1316 439 1370 scribimus
458 1319 526 1389 [quo
545 1319 609 1373 adel.
629 1319 728 1390 Beria]
752 1320 834 1373 modo
854 1319 956 1388 quibus
981 1319 1110 1376 audimus

107 1387 188 1440 -divi-
208 1389 270 1442 Pal.
291 1389 355 1441 aud.
388 1388 491 1456 quibus
507 1390 613 1461 Bera.],
632 1405 684 1443 nee
703 1389 795 1444 minus
815 1391 862 1462 [ne
877 1391 974 1461 Beria]
994 1409 1011 1444 a
1029 1390 1110 1444 nobis
1178 1397 1182 1404 '

106 1459 206 1511 anubis
222 1459 296 1530 Pet]
316 1459 326 1512 i
342 1459 492 1529 singularis
511 1461 540 1512 in
555 1461 654 1515 fraude
668 1461 785 1529 produci
803 1465 905 1531 potest,
924 1464 956 1515 ut
969 1461 1028 1516 vidi
1043 1462 1111 1516 scri-

112 1529 170 1582 itur
195 1531 249 1601 [ita
267 1531 365 1601 codd}
403 1531 426 1583 si
447 1534 541 1585 autem
565 1550 627 1586 curn
651 1533 777 1600 eademi
796 1532 893 1586 littera
913 1532 995 1586 ‘aliud
1017 1533 1109 1601 breve,

94 1600 172 1654 aliud
192 1601 308 1671 longum
327 1605 378 1667 est,
402 1603 435 1654 ut
453 1601 504 1656 illa
523 1605 552 1656 et
569 1602 641 1672 pila:
668 1604 763 1672 apices
782 1604 823 1658 ibi
842 1604 909 1673 poni
929 1604 1040 1670 debent,
1060 1603 1109 1657 ubi

93 1673 182 1725 isdem
201 1672 305 1726 litteris
324 1673 382 1726 alia
401 1676 487 1742 atque
506 1673 564 1727 alia
581 1690 626 1728 res
645 1675 816 1745 designatur,
836 1678 868 1729 ut
887 1676 963 1730 venit
982 1678 1010 1730 et
1025 1676 1108 1741 venit,

94 1745 153 1796 aret
172 1747 201 1798 01
220 1745 289 1809 aret,
308 1743 380 1813 legit
398 1748 426 1798 01
445 1744 515 1814 legit
534 1746 683 1813 ceteraque
701 1746 745 1800 his
760 1746 874 1814 similia,
893 1762 976 1816 super
989 1745 999 1798 i
1014 1748 1110 1800 tamen

93 1814 217 1868 litteram
245 1832 399 1885 apexnon
427 1816 555 1884 ponitur3
588 1816 688 1870 melius
716 1818 791 1870 enim
818 1818 828 1870 i
856 1817 916 1887 lea
944 1818 966 1888 [i
993 1819 1023 1870 in
1050 1817 1110 1887 pila

100 1888 210 1957 Usener]
225 1885 253 1938 in
269 1886 384 1957 longum
394 1888 571 1956 producetur.
592 1890 700 1942 ceterae
711 1888 829 1955 vocales,
843 1905 916 1956 quae
932 1889 1011 1960 [quia
1021 1889 1110 1960 codd]

93 1958 192 2011 eodem
212 1957 309 2011 ordine
328 1959 438 2026 positae
458 1959 568 2012 diversa
591 1959 764 2030 significant,
791 1960 870 2029 apice
889 1960 1109 2029 distinguuntur,

93 2045 128 2082 ne
148 2028 244 2098 legens
264 2029 441 2083 dubitatione
464 2030 644 2099 impediatur,
668 2031 721 2084 hoc
741 2033 837 2086 estne
855 2029 936 2101 μέλος
954 2031 1040 2100 ἀηδὲς
1063 2032 1111 2102 [ne

92 2100 123 2152 in
142 2116 172 2152 os
196 2100 246 2154 hos
271 2101 354 2155 aedes
374 2102 458 2154 Bere.
496 2118 578 2156 neruo
601 2101 652 2156 hos
676 2103 760 2156 aedes
779 2104 856 2157 Pel:
884 2120 931 2157 em.
952 2103 1110 2174 Buecheler]

93 2171 297 2239 pronuntietur.
327 2173 380 2226 ictu
395 2173 560 2227 Luetmaua
578 2175 813 2243 (Lueret.p.186)
833 2181 858 2228 et
878 2175 977 2230 Usener
992 2175 1112 2228 Varroni

93 2243 244 2312 adeipuaut
263 2243 326 2311 (Re.
348 2244 422 2297 Mus.
438 2246 610 2313 24,1043q.),
636 2262 720 2313 aeque
739 2247 774 2300 ab
792 2246 849 2300 alio
868 2251 985 2311 0001000,
1004 2247 1111 2314 opinor,

93 2331 125 2367 ea
144 2331 213 2382 quae
231 2331 317 2383 supra
336 2315 368 2368 de
387 2316 471 2369 Accio
490 2317 612 2370 8000100
631 2317 717 2371 tradit
734 2317 881 2383 (luxerunt.

165 2426 180 2472 2
200 2437 260 2475 esse
279 2421 306 2474 ei
324 2422 386 2475 Pal.
406 2437 467 2474 esse
486 2438 522 2476 cr.
544 2424 642 2476 Beria:
661 2440 709 2476 em.
729 2424 832 2477 Pretecb
923 2427 991 2475 3-6
1011 2422 1054 2476 od.
1074 2423 1112 2476 ad

93 2492 184 2545 Lucil.
204 2494 239 2558 fr.
260 2509 281 2546 c.
362 2491 488 2545 8dilab.
510 2495 627 2547 Beria
675 2495 812 2548 teudi.
834 2493 899 2548 Keil
979 2499 1011 2547 10
1030 2492 1110 2547 iem.

92 2564 169 2617 codd.
233 2580 289 2616 non
305 2563 327 2616 dr
343 2562 456 2617 aliunde
471 2565 500 2615 in
516 2565 586 2633 sing.
621 2581 705 2631 quam
720 2564 749 2617 in
764 2567 889 2618 extrema
904 2563 1015 2632 syllaba
1029 2566 1111 2618 sonat

92 2636 178 2688 Bere.
199 2636 227 2687 et
250 2635 279 2686 in
304 2635 374 2704 sing.
394 2652 449 2688 non
474 2634 589 2688 aliunde
608 2651 693 2702 quam
718 2635 748 2688 in
768 2638 891 2688 extrema
911 2635 972 2704 syll.
993 2654 1013 2688 s.
1034 2637 1109 2690 Pal:

92 2723 139 2759 em.
157 2706 223 2760 Keil
296 2711 328 2759 12
348 2706 431 2759 mitto
450 2704 605 2760 emisimus:
626 2724 673 2761 em.
694 2707 850 2762 Wilmaaes
924 2711 956 2759 13
976 2707 1051 2774 quod
1067 2708 1111 2759 est

91 2776 151 2830 abs.
168 2777 230 2831 Pul.
245 2778 305 2831 recl.
315 2777 407 2832 Wilm.
440 2815 442 2820 ·
465 2783 498 2830 14
518 2780 647 2831 constant
662 2780 745 2832 Bere.
802 2779 830 2831 et
845 2778 966 2832 diversa:
981 2795 1029 2832 em.
1046 2777 1112 2833 Keil

520 2930 586 2986 273
611 2922 681 3007 [97]

159 3051 215 3110 lae
238 3071 306 3110 non
330 3052 494 3112 debemus
519 3052 637 3112 dicere
661 3053 720 3112 sed
743 3053 825 3112 laet.

164 3152 259 3218 Pomp.
279 3157 416 3205 commeat.
432 3169 461 3220 p.
483 3155 605 3216 199,10
628 3151 711 3204 multi
734 3151 832 3205 dicunt
860 3151 1017 3223 [inquirunt
1040 3155 1109 3208 cerii.

98 3221 279 3344 Wilrnoienssl,
298 3223 392 3274 utrum
411 3221 455 3274 lac
475 3222 600 3276 dicamus
620 3239 656 3275 an
675 3222 739 3276 lact.
760 3225 789 3276 et
807 3240 837 3278 re
855 3239 921 3277 vera
940 3223 964 3276 si
983 3239 1110 3290 quaeras,

90 3292 145 3346 hoc
168 3293 221 3345 rite
258 3293 316 3346 acit
338 3309 389 3346 nec
414 3292 500 3346 aliud.
541 3311 608 3346 nam
632 3293 655 3346 si
679 3294 782 3346 dixeris
805 3293 862 3360 lac,
888 3294 943 3348 erit
964 3294 1110 3364 genetivus

90 3363 175 3430 lacis,
201 3379 285 3431 quem
305 3365 342 3417 ad
364 3365 479 3418 modum
499 3363 570 3418 allec
590 3363 695 3419 alleois.
733 3364 837 3418 lectum
856 3367 899 3419 est
917 3365 970 3420 hoc
989 3366 1118 3431 saepius,

91 3434 241 3503 praecipue
261 3436 336 3503 apud
357 3435 517 3492 Varronem.
552 3435 603 3493 1110
623 3435 708 3493 dicit·¹
725 3452 765 3493 iac
778 3453 877 3492 -iaeu
907 3443 1010 3490 coatia
1026 3435 1134 3503 (leesor

81 3506 170 3564 feld·
211 3506 324 3574 11010110
339 3508 377 3574 fr.
391 3513 417 3565 6.
455 3511 573 3568 Verrius
593 3514 630 3583 fr.
643 3516 690 3568 18.
722 3505 1164 3580 010100000ὶῶοω

69 3573 188 3625 nomina
214 3575 320 3630 Latina
352 3582 539 3642 nominativo
573 3604 648 3643 casu
679 3583 836 3658 singulari
862 3575 988 3634 litteris
1016 3563 1190 3620 beatam
