2400 3824
119 169 186 234 360
267 168 474 224 Grammatieee
494 170 596 223 aetatis
615 169 806 223 Varronianae
824 169 985 239 fragmenta

185 339 224 396 M.
240 340 332 398 etiam
347 337 420 396 Cato
439 340 471 396 in
490 338 576 411 libre,
595 358 683 414 quem
697 339 731 396 de
747 340 811 416 agri
827 339 944 397 cultura
959 338 1140 414 conseripsit

120 421 227 506 [151]:
253 423 363 486 ‘semen
387 429 519 503 cupressi
542 429 633 487 serito
657 428 800 502 crebrum,
823 430 867 486 ita
883 427 933 485 uti
956 428 1053 485 linum
1079 427 1138 486 seri

78 532 104 572 so
119 517 202 575 solet.
254 536 288 576 eo
321 516 417 575 oribro
449 521 560 575 terram
594 518 740 575 incernito
773 517 964 575 dimidiatum
997 517 1138 594 digitum.

117 607 179 664 iam
201 606 232 663 id
255 607 329 664 bene
347 605 451 664 tabula
476 608 528 664 aut
550 605 674 682 pedibus
694 608 746 664 aut
765 606 902 665 manibus
921 602 1136 680 complanato’.

119 688 332 754 ‘dimidiatum’
346 696 447 769 inquit
462 689 622 772 ‘digitum’‚
641 714 701 753 non
716 689 905 752 ‘dimidium
936 715 1007 752 nam
1023 688 1138 772 ‘digiti'

118 784 239 859 quidem
257 779 448 857 ‘dimidium’‚
472 784 599 861 digitum
623 788 722 842 autem
743 787 842 859 ipsum
865 783 1058 842 dimidiatum
1077 783 1137 842 dioi

118 877 244 949 oportet.
291 875 364 932 item
390 872 428 931 M.
456 871 529 931 Cato
557 873 593 930 de
618 872 913 949 Carthaginiensibus
943 875 988 931 ita
1016 873 1138 949 scripsit

78 977 102 1016 ss
119 955 167 1040 [p.
186 963 227 1020 56
245 965 283 1036 fr.
300 956 390 1040 3J.]:
414 956 558 1020 ‘homines
582 962 759 1020 defoderunt
781 965 941 1020 interram
961 962 1138 1022 dimidiatos

117 1053 276 1128 ignemque
296 1053 578 1126 circumposuerunt,
601 1054 646 1109 ita
667 1045 903 1110 interfecerunt'.
939 1071 1035 1126 neque
1056 1053 1137 1126 quis·

117 1155 208 1216 quam
232 1141 372 1213 omnium,
401 1141 452 1215 qui
474 1140 566 1216 probe
590 1141 684 1198 locuti
707 1145 785 1215 sunt,
812 1141 858 1198 his
888 1140 986 1199 verbis
1014 1141 1138 1216 sequius

118 1248 208 1305 quam
232 1229 294 1286 dixi
317 1248 387 1288 usus
411 1233 464 1288 est.

191 1318 257 1374 Geli.
269 1323 340 1384 3,14
353 1333 470 1372 dimidium
482 1334 565 1372 librum
579 1351 606 1358 -
619 1345 673 1374 usus
686 1337 724 1373 est.
739 1320 772 1385 Cf.
784 1321 897 1389 AereC.
907 1322 1011 1388 012141).
1021 1324 1137 1385 116,21.

117 1391 198 1444 Beda
211 1391 278 1444 orth.
289 1408 319 1458 p.
334 1394 398 1456 269,
411 1394 456 1444 27.
476 1390 579 1444 Aoeod.
595 1393 633 1445 H.
644 1409 674 1460 p.
690 1396 755 1456 287,
769 1395 813 1444 21.
832 1391 900 1444 Isia.
917 1391 975 1458 diff.
991 1393 1062 1445 verb.
1075 1395 1138 1445 146.

116 1462 182 1516 haee
197 1463 222 1514 V
237 1461 460 1530 Disciplinarum
478 1463 558 1531 uulgo
577 1463 787 1527 adscribentem
806 1463 840 1528 of.
857 1463 962 1516 Ritaedl
976 1479 1019 1529 op.
1036 1467 1063 1527 3,
1073 1466 1137 1517 363.

119 1533 316 1598 Kretesetmer,
330 1533 362 1586 de
378 1532 446 1586 Geli.
460 1533 529 1598 font.
541 1551 570 1602 p.
582 1539 625 1586 10.
644 1539 686 1587 51.
715 1533 815 1599 Rusio,
830 1534 863 1586 de
879 1533 947 1587 Geli.
958 1534 1039 1587 Noet.
1050 1535 1137 1588 Attio.

116 1606 183 1671 font.
200 1621 230 1672 p.
245 1608 290 1658 29.

188 1697 204 1744 4
224 1700 248 1747 et
266 1698 282 1745 ὁ
301 1710 357 1746 non
377 1693 442 1745 dim.
463 1710 512 1747 om.
531 1694 694 1762 Laod-But.
768 1699 783 1745 5
803 1711 837 1747 ex
856 1693 919 1747 add.
940 1692 1017 1746 codd.
1037 1694 1137 1748 deterr.

117 1769 133 1817 6
167 1763 371 1834 (dimidium),
404 1781 460 1818 non
488 1764 553 1818 dim.
582 1765 641 1818 edd.
670 1771 730 1819 vett.
759 1765 824 1818 dim.
862 1763 934 1835 <sed
962 1763 1138 1836 dimidium>

117 1835 232 1890 Skutsch
300 1840 363 1888 eae
379 1837 470 1890 Paria
487 1837 572 1889 Vatia.
642 1841 675 1888 12
691 1835 789 1889 delebo
804 1837 966 1905 Luget-But.
1024 1836 1139 1904 argenti

118 1907 280 1977 Lagei-But.
304 1908 388 1960 Vatia.
468 1912 500 1959 13
521 1922 584 1960 eum
661 1913 694 1960 16
715 1907 832 1961 dixisset
849 1909 940 1961 Paris.
964 1908 1048 1961 Vatia
1069 1913 1137 1961 m.1

118 1983 151 2030 18
167 1978 316 2031 dimidiato
331 1979 423 2032 Paris.
439 1983 500 2031 m.1
521 1977 683 2047 Laod-But.
702 1979 788 2032 Vatia
859 1984 892 2032 28
907 1978 1027 2032 eandem
1042 1979 1136 2033 Pares.

123 2050 209 2104 Vatia
310 2053 344 2102 30
373 2048 519 2101 dimiditus
548 2050 729 2119 Lagei-But.
760 2051 844 2104 Vatia
879 2047 1014 2102 dimidius
1041 2051 1136 2104 Paris.

119 2126 151 2172 31
177 2121 282 2174 vendat
302 2123 331 2172 et
419 2119 593 2188 praefectam
611 2121 775 2190 Lagei-But.
801 2122 886 2175 Vatia.
996 2126 1030 2172 35
1054 2121 1137 2175 hora:

117 2209 165 2245 eni.
189 2192 265 2246 codd.
290 2192 384 2245 detera
476 2196 509 2243 36
534 2194 564 2244 at
587 2193 663 2246 codd.
688 2199 752 2260 opti.
844 2197 876 2244 37
901 2192 1063 2245 dimidiam:
1088 2210 1136 2246 em.

117 2264 204 2316 Hertz
316 2267 351 2314 40
380 2262 450 2315 dioit
476 2264 568 2316 Paris.
596 2264 769 2333 Laod-But.
883 2269 917 2315 45
946 2263 1056 2317 obsonii
1085 2266 1137 2332 (ita

116 2341 142 2388 et
165 2335 262 2401 Vatia)
283 2333 349 2386 hino
368 2335 487 2388 Plautus
594 2339 627 2386 47
651 2337 778 2387 mortuus
798 2347 841 2387 est
950 2339 981 2388 51
1007 2334 1137 2388 tabulam

117 2409 151 2458 66
170 2405 292 2475 igneque
311 2405 472 2475 Lagei-But.
494 2406 581 2459 Vatia
672 2411 705 2458 57
726 2405 804 2472 sequi
823 2421 942 2474 usquam

591 2532 654 2587 424

184 2626 267 2685 divos
290 2630 460 2702 perpetuos,
490 2626 558 2686 deos
583 2629 635 2702 qui
658 2630 781 2702 propter
808 2627 854 2686 sui
882 2630 1137 2686 consecrationem

116 2718 270 2790 timentur,
293 2719 328 2772 ut
351 2719 422 2774 sunt
445 2715 487 2773 dii
510 2734 620 2774 manes.

188 2806 261 2860 Sero.
276 2807 344 2859 Aea.
361 2810 386 2872 5,
400 2810 435 2859 45
456 2805 573 2858 ‘divum’
594 2809 623 2858 et
643 2805 780 2858 ‘deorum’
801 2804 995 2859 indifferenter
1013 2804 1138 2874 plerum·

117 2892 171 2943 que
195 2876 276 2944 ponit
298 2878 396 2944 poeta,
420 2893 590 2944 quamquam
614 2876 653 2928 sit
676 2876 820 2943 diseretio,
843 2879 876 2930 ut
898 2877 964 2930 deos
983 2880 1138 2944 perpetuos

118 2947 256 3012 dieamus,
281 2947 358 3001 divos
378 2963 412 3000 ex
430 2947 590 3001 hominibus
609 2947 712 3012 factos,
736 2948 817 3015 quasi
836 2949 884 3015 qui
906 2947 980 3000 diem
999 2949 1137 3015 obierint3

116 3019 191 3070 unde
215 3019 292 3070 divos
316 3019 402 3071 etiam
425 3019 609 3087 imperatores
632 3035 770 3072 vocamus.
808 3020 857 3072 sed
876 3019 965 3072 Varro
988 3022 1018 3074 et
1036 3020 1138 3074 Ateius

117 3090 202 3160 [Phil.
227 3091 262 3156 fr.
279 3094 322 3144 12.
352 3090 418 3158 Gap.
434 3090 479 3160 15]
507 3091 604 3143 eontra
626 3090 751 3144 sentiunt
775 3090 901 3144 dieentes
927 3105 991 3144 divor
1008 3122 1035 3130 -
1053 3117 1138 3146 manae.

116 3161 151 3226 of.
171 3162 244 3215 Serv.
263 3163 332 3214 Aea.
353 3165 380 3227 8,
394 3165 457 3215 275.
490 3162 558 3215 Ieid.
579 3162 639 3228 diff.
659 3162 728 3216 oerb.
749 3166 813 3215 168.

592 3286 657 3343 425

185 3382 252 3440 dolo
281 3386 326 3440 est
350 3414 391 3421 —
420 3382 582 3440 seeundum
605 3383 770 3441 Varronem
799 3385 904 3460 ingens
935 3387 1039 3442 contus
1067 3403 1137 3442 oum

102 3471 188 3529 ferro
221 3470 408 3533 brevissimo.
463 3471 585 3532 dolones
615 3476 715 3530 autem
744 3491 762 3530 a
790 3471 920 3530 fallendo
951 3472 1025 3532 dieti
1056 3477 1137 3548 sunt,

66 3561 178 3634 ¹quod
202 3563 366 3645 decipiant
392 3565 476 3628 ferro
501 3584 569 3626 oum
595 3565 726 3642 speeiem
746 3560 1023 3638 grasterantixgni.
