2400 3824
457 186 494 240 11.
514 186 661 241 Terentius
680 186 769 241 Varro
1056 187 1120 252 227

99 360 167 398 nem
184 345 294 398 initiari
316 362 418 414 pueros
436 345 556 400 Eduliae
579 349 611 401 et
626 347 742 401 Potieae
765 349 795 402 et
813 347 908 402 Cubae
927 348 999 402 divis
1018 348 1121 402 edendi

101 416 132 470 et
142 416 262 485 potandi
274 419 304 470 et
315 416 447 484 cubandi,
461 418 511 470 ubi
523 419 645 487 primum
659 435 677 472 a
691 418 766 472 lacte
780 421 809 472 et
823 435 840 472 a
854 420 934 472 cunis
948 420 1119 474 transierint.

174 504 327 560 tnntricis
346 508 408 575 (es)
427 507 508 561 Riese

461 679 526 734 roo
550 669 631 754 [249
649 670 758 754 xm]

155 798 222 858 alii
238 798 392 858 Statano
406 803 442 858 et
456 799 650 874 Statilino,
664 820 814 876 quorum
827 800 975 860 nomina
987 801 1121 861 habent

97 888 239 964 scripta
270 889 479 965 pontifices.
525 890 577 948 sic
606 909 682 949 cnm
714 890 830 966 primo
861 890 933 948 fari
966 890 1120 966 incipie-

96 976 200 1051 bant,
223 978 491 1038 sacrificabant
513 978 597 1039 divo
618 978 806 1038 Fabulino.

168 1072 243 1130 Non.
254 1094 285 1145 p.
300 1081 365 1144 532,
379 1081 416 1130 18
436 1075 600 1130 Statilinnm
614 1079 644 1131 et
662 1077 812 1131 Statannm
826 1079 855 1130 et
869 1077 1039 1131 Fabulinnm
1052 1095 1120 1148 pue·

96 1145 215 1272 riflrlinttssrs
224 1147 464 1273 &effingam
478 1147 568 1202 Varro
583 1148 652 1203 Cato
670 1148 715 1202 vel
735 1149 770 1203 de
788 1147 886 1203 liberis
905 1148 1059 1202 educandis
1078 1149 1119 1203 af-

172 1314 186 1360 1
206 1307 258 1378 ali]
278 1307 314 1360 ab
334 1309 417 1363 Harl.
436 1327 471 1362 m.
490 1313 510 1362 2
528 1310 571 1362 uti
590 1312 659 1364 coni.
680 1311 760 1364 Riese

482 1499 547 1554 107
571 1489 651 1574 [242
672 1489 733 1574 vr]

165 1623 204 1678 ut
219 1619 280 1694 qui
294 1623 421 1679 eontra
439 1620 611 1679 celeriter
625 1623 729 1678 erant
741 1619 819 1678 nati
839 1621 913 1678 fere
927 1620 1118 1680 Numerios

95 1708 436 1784 praenominabant,
465 1708 559 1785 quod
583 1709 644 1784 qni
667 1709 739 1767 cito
768 1710 950 1768 facturum
973 1710 1059 1786 quid
1082 1729 1118 1770 se

95 1797 288 1857 ostendere
315 1797 477 1872 volebat,
504 1797 650 1857 dicebat
672 1816 818 1856 numero
841 1797 878 1855 id
902 1798 995 1874 fore3
1023 1800 1117 1874 quod

95 1885 206 1945 etiam
225 1887 261 1944 in
280 1891 388 1963 partu
407 1886 869 1962 precabantnrNumeriae,
893 1906 998 1962 quam
1017 1888 1115 1948 deam

95 1975 218 2034 solent
239 1975 441 2054 indigitare
465 1976 574 2034 etiam
597 1975 802 2052 pontifices.
1131 1990 1143 2028 5

168 2075 285 2143 Noap.
300 2079 414 2140 352,10
432 2090 548 2128 numero
568 2075 710 2145 significat
728 2074 785 2128 cito
805 2106 847 2127 —.
876 2074 965 2128 Varro
985 2073 1054 2130 Cato
1072 2076 1116 2130 vel

95 2145 131 2197 de
154 2144 253 2199 liberis
276 2146 443 2200 educandis:
471 2164 497 2200 uc
516 2160 555 2208 qui
573 2178 600 2186 -
618 2160 741 2208 pandoces,
778 2148 813 2212 cs.
834 2147 906 2200 Fert.
927 2164 958 2216 p.
979 2151 1058 2214 170⁸,
1073 2152 1114 2202 18.

100 2217 190 2271 Varro
208 2235 231 2270 r.
250 2236 273 2272 r.
293 2221 319 2284 3,
334 2222 379 2284 16,
394 2223 418 2272 7.

169 2312 183 2358 1
212 2307 367 2361 numeriae:
405 2324 452 2361 em.
483 2307 575 2377 Laod.
603 2323 638 2360 m.
663 2312 678 2359 1
753 2307 1116 2377 tpraemo(-mu-)niebant

93 2376 165 2446 quid
184 2394 215 2431 se
233 2378 349 2432 Iuniae.-
367 2378 430 2446 quis
450 2378 510 2432 sine
598 2383 614 2430 3
634 2394 689 2446 quo
709 2378 837 2448 Mndeay
918 2385 936 2430 4
959 2379 1068 2432 numeri
1087 2381 1115 2433 et

93 2448 172 2502 codd.
191 2447 355 2502 Numeriam
376 2449 519 2504 Turnebus

439 2637 442 2641 ·
512 2629 694 2713 1222252]

161 2760 244 2819 salve
267 2761 382 2820 etrele
406 2761 568 2819 seeundum
583 2759 747 2818 Varronem
771 2759 802 2818 in
826 2760 1008 2836 logistoricis
1026 2780 1114 2836 syno-

91 2868 185 2925 nyma
209 2852 287 2908 sunt.

165 2947 239 3002 Sere.
260 2950 329 3002 Aen.
345 2953 371 3014 5,
385 2951 423 3001 80
440 2963 501 3002 anve
515 2980 542 2987 —
555 2966 617 3012 sune
636 2947 710 3001 unde
729 2947 773 3000 his
788 2950 817 3001 et
830 2946 860 3000 in
875 2947 1044 3002 salutatione
1058 2949 1113 3002 uti-

90 3037 156 3073 mur
183 3021 213 3072 et
240 3019 270 3072 in
297 3019 552 3087 exsecrationibus,
579 3022 612 3073 ut
635 3020 708 3090 [Ter.
729 3020 809 3072 andr.
825 3019 892 3090 696]
917 3018 1042 3074 ‘valeant
1064 3021 1113 3088 qui

90 3091 236 3145 internos
256 3090 405 3144 discidium
426 3090 548 3157 volunt’3
567 3091 641 3144 unde
661 3089 748 3144 etiam
766 3090 837 3144 haec
851 3090 969 3144 mortuis
984 3090 1112 3158 dicimus,

90 3179 148 3216 non
168 3179 223 3230 quo
243 3161 284 3216 eis
303 3163 431 3230 optemus
451 3161 580 3230 salutem,
599 3162 746 3229 inquibus
764 3161 844 3214 nulla
862 3178 923 3239 esse
941 3164 1043 3230 potest,
1062 3164 1112 3218 sed

89 3236 123 3288 ut
146 3232 337 3303 significemus
355 3249 406 3286 nos
425 3233 466 3287 sio
486 3233 609 3304 digredi,
633 3235 665 3286 ut
683 3233 864 3287 ostendamus
888 3248 935 3286 eos
958 3251 1025 3286 num
1045 3251 1113 3288 uam

89 3306 121 3360 in
134 3307 261 3359 nostram
276 3305 501 3359 communionem
514 3321 574 3359 esse
590 3306 727 3359 venturos.
747 3304 820 3359 serv.
831 3305 900 3358 Aee.
916 3308 959 3371 11,
974 3309 1009 3359 97
1022 3252 1113 3359 ierne

89 3378 120 3432 in
139 3375 221 3430 libris
239 3375 411 3446 logistoricis
430 3376 501 3430 dioit
518 3376 582 3430 ideo
601 3376 719 3430 mortuis
739 3374 815 3429 salve
834 3377 863 3429 et
881 3375 943 3430 vale
962 3375 1036 3441 dici,
1055 3392 1117 3427 non

89 3447 168 3518 qnod
186 3449 237 3501 ant
254 3447 347 3502 valere
367 3450 417 3502 aut
434 3447 505 3502 salvi
526 3464 585 3503 esse
603 3449 740 3518 possunt,
757 3447 811 3502 sed
828 3447 911 3517 qnod
927 3446 967 3500 ato
978 3445 1035 3497 ‘riis
1049 3457 1134 3494 rece·

88 3520 255 3641 fflffwaos
266 3535 422 3588 numquam
438 3519 534 3578 visuri.
560 3522 596 3591 cs.
612 3523 655 3578 id.
670 3523 745 3579 Aea.
762 3525 792 3591 3,
804 3525 876 3576 493.
894 3509 1158 3576 1222222222-

74 3594 101 3653 11
129 3593 177 3652 71
208 3628 215 3640 ι
256 3624 261 3632 =

887 3678 952 3736 ib*
