2400 3824
431 150 468 203 M.
487 149 634 204 Terentius
652 149 740 204 Varro
1028 149 1092 214 337

551 321 617 381 348

145 426 336 501 antiquarum
370 428 531 486 mulierum
564 428 714 502 frequenti
745 428 776 484 in
809 445 868 486 usu
899 429 1094 504 praenomina

77 516 207 591 fuerunt,
226 517 330 575 Rutila
350 515 495 576 Caesellia
513 516 669 576 Rodacilla
686 517 821 575 Murrula
835 516 940 590 Burra,
959 535 977 576 a
996 517 1093 576 colore

76 605 175 664 ducta.
212 605 267 665 illa
285 607 479 681 praenomina
497 625 515 665 a
533 605 670 664 virilibus
689 607 787 664 tracta
805 608 883 680 sunt,
907 604 982 664 Gaia
1000 605 1094 665 Lucia

76 693 185 753 Publia
203 695 353 754 Numeria.
392 697 523 754 ceterum
542 692 617 753 Gaia
635 713 692 753 usu
715 713 803 770 super
826 713 926 754 omnes
945 695 1094 754 celebrata

77 786 136 861 est3
167 784 269 843 ferunt
295 786 375 842 enim
399 783 505 844 Gaiam
529 783 690 844 Caeciliam
713 784 869 859 Tarquinii
893 783 987 843 Prisci
1014 785 1120 862 regist

76 892 199 931 uxorem
227 875 371 950 optimam
399 873 549 932 lanificam
577 875 679 947 fuisse,
708 877 738 932 et
760 873 827 932 ideo
850 874 1032 949 institutum,
1060 877 1094 932 ut

76 981 173 1021 novae
196 965 307 1038 nuptae
336 967 405 1022 ante
432 963 554 1022 ianuam
582 963 685 1022 mariti
712 963 916 1040 interrogatae
947 981 1094 1039 quaenam

75 1054 264 1126 vocarentur,
288 1051 377 1111 Gaias
401 1071 463 1112 esse
486 1071 517 1112 se
540 1052 679 1110 dicerent.

148 1151 169 1202 I
171 1151 225 1204 bid.
241 1156 258 1205 7
276 1166 418 1214 antiquarum
432 1183 459 1190 -
472 1166 577 1206 dicerent
610 1153 692 1205 Paul.
712 1152 785 1205 Fesi.
801 1155 959 1220 p.224,14
977 1167 1093 1219 praeno·

75 1220 199 1274 minibus
225 1221 344 1276 feminas
370 1238 430 1276 esse
457 1221 615 1292 appellatas
641 1222 803 1276 testimonio
829 1224 895 1275 sunt
918 1221 1040 1276 Caecilia
1066 1226 1094 1275 et

75 1292 222 1359 Taurania,
245 1309 317 1361 quae
337 1294 436 1348 ambae
455 1293 541 1348 Gaiae
561 1294 661 1347 solitae
680 1295 737 1347 sint
756 1293 906 1363 appellari,
930 1293 992 1364 pari
1010 1294 1093 1347 modo

76 1364 164 1418 Lucia
192 1368 221 1418 et
249 1365 333 1420 Titia.
383 1367 422 1419 id.
445 1383 472 1434 p.
492 1370 589 1432 95,18
621 1365 693 1418 Gaia
720 1362 843 1418 Caecilia
870 1365 1015 1434 appellata
1041 1368 1094 1432 est,

76 1439 110 1488 ut
136 1435 253 1490 Romam
280 1436 369 1503 venit,
398 1452 470 1505 quae
498 1440 582 1490 antea
607 1436 747 1504 Tanaquil
774 1437 899 1490 vocitata
924 1440 998 1504 erat,
1025 1453 1095 1490 uxor

76 1506 224 1574 Tarquinii
253 1507 342 1562 Prisci
373 1509 449 1578 regis
477 1508 677 1571 Romanorum,
710 1524 782 1576 quae
814 1511 911 1562 tautae
943 1508 1093 1577 probitatis

75 1577 145 1645 fuit,
172 1581 205 1632 ut
229 1579 260 1631 id
282 1595 384 1633 nomen
408 1580 509 1633 ominis
534 1579 602 1633 boni
625 1596 710 1633 causa
735 1578 915 1647 frequentent
942 1579 1093 1645 nubentes3

76 1667 162 1716 quam
195 1668 332 1704 summam
365 1654 525 1704 asseverant
561 1650 704 1704 lanificam
735 1649 829 1704 fuisse.
882 1652 916 1718 cf.
946 1653 1033 1706 Varro
1062 1651 1094 1704 de

77 1722 95 1775 l.
111 1722 145 1775 L.
165 1725 192 1789 9,
207 1726 250 1776 60.
275 1727 318 1776 61.
356 1723 432 1777 Plin.
452 1741 479 1776 n.
498 1724 523 1778 n.
544 1726 572 1789 8,
586 1727 647 1777 194.

150 1843 165 1890 2
184 1837 293 1891 rutilis:
314 1856 361 1894 em.
377 1839 485 1908 Kempf
495 1839 553 1892 coll.
567 1839 646 1894 Vari.
662 1840 694 1892 de
709 1840 726 1893 1.
738 1840 771 1892 L.
788 1842 861 1904 7,83
875 1845 900 1892 et
915 1838 1034 1902 Mueller
1047 1855 1092 1907 ap.

76 1909 150 1963 Fest.
166 1927 197 1978 p.
215 1906 301 1976 2621‘,
315 1915 353 1965 20
403 1909 532 1965 ansulla
550 1912 619 1964 coni.
640 1911 747 1980 Kempf
760 1911 819 1965 coll.
839 1911 912 1964 Fen.
928 1927 958 1979 p.
978 1913 1093 1974 erite

76 1979 223 2106 {ppppllpl
229 1981 379 2106 (ipotefend
451 1986 466 2033 3
486 1982 552 2035 viris
566 1981 654 2035 Halm
721 1987 743 2035 ⁴5
762 1981 867 2052 ferunt]
882 1999 952 2050 qnae
965 1987 1095 2034 secnntnr

149 2211 182 2248 en
205 2195 266 2249 istic
284 2213 352 2265 qnae
371 2197 402 2250 in
420 2197 581 2267 frapmentis
604 2196 796 2250 adnotavimus
818 2195 1046 2250 verisimillimam
1063 2195 1096 2262 fit

76 2285 95 2319 a
119 2266 243 2320 Varrone
260 2267 368 2335 reliqna
386 2284 490 2336 quoqne
514 2268 604 2321 Verrii
617 2268 830 2336 praenominum
852 2267 1004 2335 cerilopnia
1021 2283 1094 2334 repe·

76 2337 160 2392 tenda
178 2353 245 2391 ease:
260 2355 290 2406 p.
305 2343 350 2404 26,
365 2343 399 2392 11
418 2338 548 2406 Aquilius
569 2338 614 2406 (ab
634 2338 728 2406 aquilo
748 2338 864 2405 colore);
878 2356 908 2407 p.
924 2341 1015 2403 130,1
1034 2336 1093 2390 Ma-

76 2423 186 2461 mercus
214 2426 384 2477 praenomen
412 2408 528 2475 Oscum
558 2427 588 2478 p.
612 2413 726 2475 359,19
754 2409 841 2463 Talus
869 2409 899 2461 in
928 2408 1094 2461 Sabinorum
1131 2464 1135 2469 ,

75 2478 237 2533 nominibus
260 2481 450 2548 praenominis
469 2480 531 2534 loco
550 2480 661 2534 videtur
679 2479 773 2534 fuisse.
793 2481 836 2535 nd.
851 2485 991 2549 p.151,1
1014 2479 1093 2532 Man·

76 2550 133 2605 liae
152 2551 253 2620 gentis.
291 2555 325 2620 cf.
346 2553 539 2618 Reitzenstein,
562 2552 637 2606 Verr.
657 2553 769 2607 Forenti.
789 2570 819 2621 p.
834 2555 879 2607 25.

75 2781 327 2838 OOGNOMINUM
345 2783 648 2849 AGNOMINUMQUE

148 2926 182 2980 de
203 2927 343 2982 hominnm
366 2928 524 2981 nominibus
539 2927 687 2982 Varronem
706 2928 753 2981 nia
776 2944 809 2981 ac
826 2929 933 2982 ratione
955 2929 1094 2997 smipsisse

74 3015 109 3052 en
122 2998 227 3052 incerto
241 3005 350 3053 anctore
360 2998 404 3052 De
413 3000 641 3067 praenominibus
654 2999 699 3068 (fr.
711 3002 807 3067 323cp.
823 3005 848 3052 et
856 3000 1020 3068 praesertim
1030 3003 1092 3069 348)

74 3087 134 3124 non
152 3071 233 3124 aliter
251 3077 332 3138 atqne
350 3087 383 3124 en
400 3072 436 3137 fr.
452 3074 507 3125 368
521 3076 607 3139 patet.
636 3073 671 3138 cf.
691 3073 772 3125 etiam
793 3072 880 3125 Varro
898 3088 920 3124 r.
936 3089 958 3125 n.
975 3076 1003 3136 2,
1019 3077 1043 3137 1,
1059 3077 1094 3126 10

75 3141 153 3208 quod
176 3141 290 3194 nomina
312 3140 403 3194 multa
421 3141 556 3196 habemus
576 3141 611 3194 ab
630 3145 749 3208 utroque
767 3157 880 3209 pecore,
905 3157 922 3195 a
940 3141 1045 3196 maiore
1065 3145 1094 3197 et

76 3229 94 3265 a
113 3211 229 3266 minore.
263 3211 302 3285 <a
320 3212 449 3284 minore>
466 3213 580 3266 Porcius
596 3212 711 3266 Ovinius
726 3212 873 3281 Caprilius‚
894 3213 934 3266 sic
953 3231 970 3266 a
988 3213 1094 3268 maiore

76 3282 209 3352 Equitius
235 3283 362 3338 Tausius.
409 3285 576 3353 cognomina
604 3284 803 3352 adsignificaut
830 3284 878 3354 [-ri
894 3286 985 3353 leodi,
1018 3286 1094 3351 quod

76 3354 211 3408 dicuntur
228 3357 261 3408 ut
280 3355 355 3408 Anni
375 3353 488 3424 Caprae,
508 3355 605 3410 Statili
624 3354 717 3422 Tauri,
737 3354 873 3423 Pomponi
892 3355 996 3421 Vituli3
1017 3356 1058 3409 sic
1077 3373 1094 3408 a

77 3425 234 3494 pecudibus
249 3425 299 3479 alii
312 3425 402 3481 multi.
436 3428 581 3482 eorundem
595 3429 735 3495 eomplnra
749 3427 863 3497 neotipia
877 3428 953 3496 apnd
968 3428 1094 3480 Plinium

76 3498 201 3566 aliosque
214 3504 306 3554 extare
318 3500 437 3552 Manen
451 3498 645 3553 demonstrarit
659 3499 734 3565 (ibid.
744 3500 897 3567 11165141.
920 3499 957 3564 cf.
969 3498 1095 3551 Reitzen-

74 3570 147 3624 stein
165 3569 231 3623 sbid.
243 3587 276 3639 p.
290 3574 335 3625 15,
370 3570 486 3638 Walters
505 3570 538 3627 cte
553 3571 630 3627 Verr.
646 3571 695 3628 Ft.
715 3571 834 3644 plumos.
850 3571 972 3638 interpr.
989 3585 1020 3633 p.
1032 3569 1065 3616 ft
1076 3580 1119 3626 tu·

120 3665 288 3709 omnam
300 3669 422 3712 &mansa
436 3672 575 3724 {ramenta
593 3673 632 3717 ed.
646 3675 781 3717 Fumom
870 3666 912 3714 Ὦ
