2400 3824
430 165 468 219 M.
487 164 597 218 Tullius
617 162 712 219 Cicero

408 363 444 427 B.
468 362 742 430 FRAGMENTA

561 516 579 570 1

131 609 251 668 litterae
270 611 362 685 ipsae,
386 612 412 669 si
431 609 470 669 ad
488 611 634 669 elementa
652 611 824 684 referamus,
847 610 946 668 neutri
965 611 1082 688 generis

63 700 147 774 sunt,
177 698 255 758 sicut
281 699 399 758 Tullius
427 699 516 773 dixit,
546 702 581 757 ut
607 699 663 758 hoc
690 720 720 756 m
748 699 804 757 hoc
827 699 851 771 l,
881 701 907 759 si
935 699 974 757 ad
1000 699 1080 774 ipsas

62 787 189 859 litteras,
212 788 357 846 feminini.

137 877 245 932 Uledon.
260 895 290 947 Ρ.
306 883 352 944 26,
366 881 403 934 32
420 892 508 932 litterae
521 911 548 917 -
561 892 670 932 feminini.

554 1015 571 1068 1
579 1015 593 1042 α

131 1127 232 1167 omnes
242 1108 363 1168 litterae
373 1109 490 1187 generis
501 1112 570 1169 sunt
579 1110 679 1167 neutri
688 1110 719 1166 et
728 1127 845 1184 semper
857 1109 1083 1168 indeclinabilia

63 1199 134 1255 sunt
153 1190 330 1275 [numquam
345 1191 555 1277 declinantur}
588 1200 632 1256 ait
647 1195 749 1256 Cicero
768 1197 800 1256 in
815 1196 1018 1258 siciliensibus
1034 1192 1082 1277 [in

69 1286 150 1345 Vcrr.
165 1287 196 1355 2,
212 1281 304 1366 187]:
324 1283 430 1363 ‘usque
446 1287 484 1345 ad
498 1288 625 1346 alterum
644 1287 791 1345 rlitterae
810 1291 907 1346 essent
924 1283 1080 1366 integrae'.

136 1383 245 1440 cledon.
260 1403 290 1454 p.
306 1389 354 1453 28,
370 1390 405 1440 17
423 1411 499 1440 omna
512 1418 538 1425 -
551 1400 658 1449 magra.
692 1385 785 1440 eadem
803 1385 879 1440 docet
898 1387 986 1441 Varro
1003 1387 1040 1452 fr.
1055 1393 1079 1440 1.

135 1488 197 1535 2n.
217 1481 287 1536 decl,
305 1484 366 1538 eccl.
386 1484 453 1538 Keil
515 1482 696 1552 sicelyensius
716 1484 772 1538 cod.
792 1483 892 1553 (sibus
906 1501 954 1538 cm.
969 1501 1020 1539 rec.
1034 1490 1081 1553 m.)

63 1570 102 1607 aa
121 1551 262 1607 Siciliensi
280 1553 325 1608 II?
414 1560 430 1607 3
450 1572 476 1622 q.
495 1554 652 1608 adaliarum
672 1553 712 1607 eri
739 1566 757 1598 s
775 1566 793 1596 s
819 1553 916 1609 littera
935 1555 1081 1610 essetinte-

62 1640 131 1694 grae
150 1627 194 1694 (cf.
214 1626 337 1693 Bartsch,
351 1627 443 1696 praes.
463 1626 501 1680 ad
520 1626 630 1681 cadon.
644 1644 675 1695 p.
691 1628 710 1679 1
715 1627 751 1694 V)

553 1752 589 1817 1⁶

130 1874 239 1934 genere
268 1860 375 1916 neutro
397 1858 524 1934 legimus
554 1857 679 1916 litteras.
726 1857 841 1934 legistis
871 1859 903 1916 in
927 1856 1081 1917 Cicerone:

62 1939 109 2004 ‘ut
132 1964 225 2022 usque
248 1946 376 2005 alteram
398 1940 434 2004 r'.
467 1947 600 2005 litteram
622 1966 681 2005 non
706 1946 843 2006 declines.

134 2045 231 2116 Pom).
250 2051 386 2101 comment.
402 2050 560 2114 p.111,10
578 2047 606 2099 ei
624 2070 704 2109 genere
717 2077 744 2086 -
757 2060 861 2101 declines.

135 2148 191 2212 lg.
211 2145 310 2197 neutro
332 2143 363 2196 in
386 2145 514 2198 cicerone
531 2143 622 2213 figura
645 2160 702 2211 qua
720 2142 853 2197 scribitur
871 2144 927 2198 cod.
946 2144 975 2199 S.
994 2145 1083 2198 Pauli

60 2215 183 2269 Lacerat.
270 2219 285 2267 2
305 2214 423 2268 alteram
442 2215 518 2269 codd.
533 2221 645 2283 praeter
664 2216 756 2269 Paris.
775 2215 1080 2286 Scap.1179;sedcf.

63 2287 117 2341 Oic
138 2288 169 2339 ia
191 2286 307 2352 Verr.2‚
323 2290 375 2340 187
393 2289 532 2354 utusque
552 2285 589 2339 ad
607 2286 727 2339 alterum
745 2303 760 2338 r

557 2421 579 2478 2

133 2521 329 2577 consonantes
356 2519 436 2576 inter
462 2534 493 2575 se
518 2511 670 2595 [capriatae
692 2511 855 2596 vocantur}
883 2517 934 2575 sed
960 2520 1080 2593 proprie

63 2609 135 2664 sunt
163 2610 319 2683 cognatae,
350 2625 425 2681 quae
454 2606 547 2664 simili
573 2605 752 2682 figuratione
780 2606 840 2664 oris
868 2606 1016 2680 dicuntur,
1045 2612 1080 2664 ut

62 2698 109 2754 est
132 2694 150 2752 b
173 2696 189 2752 t
211 2689 252 2774 [s]
275 2716 306 2754 m
329 2715 363 2771 p,
391 2695 498 2771 quibus
523 2693 624 2754 Cicero
652 2695 746 2753 adicit
768 2714 800 2770 v,
830 2713 889 2753 non
913 2713 979 2754 eam
1002 2715 1079 2771 quae

61 2783 211 2859 accipitur
237 2803 291 2860 pro
319 2784 430 2858 vocali,
465 2784 517 2843 sed
544 2803 609 2843 eam
637 2803 713 2859 quae
743 2785 933 2843 consonantis
964 2783 1080 2844 obtinet

60 2874 159 2932 vicem
178 2877 209 2932 et
227 2875 397 2949 anteposita
414 2873 513 2932 vocali
530 2872 566 2931 fit
582 2876 619 2931 ut
637 2873 714 2932 aliae
734 2892 852 2949 quoque
874 2877 1078 2933 consonantes.
1103 2895 1115 2935 ⁵

134 2975 210 3028 Mar.
241 2973 307 3027 Vici.
329 2990 359 3041 1).
381 2976 426 3038 18,
445 2976 480 3025 14
514 2971 583 3024 item
607 2989 755 3026 consonantes
772 3003 800 3011 —
817 2997 907 3035 qnoque
924 2990 1078 3027 consonantes.

60 3048 95 3113 cf.
122 3046 176 3101 (lic.
200 3051 268 3098 orat.
289 3048 343 3098 158
370 3043 450 3113 (Geli.
473 3048 516 3111 15,
531 3048 556 3110 3,
571 3046 655 3112 1sq.).
701 3043 768 3113 Nip.
792 3044 855 3113 Fip.
880 3043 916 3109 sr.
935 3047 979 3098 24.
1022 3043 1077 3098 Vel.

59 3119 149 3189 Loco.
164 3135 194 3186 p.
210 3121 255 3182 60,
270 3119 294 3169 7.

133 3215 258 3270 3ssecl.
278 3214 337 3268 edd.
556 3294 576 3350 3

127 3395 204 3454 sciat
240 3394 331 3451 etiam
373 3384 619 3472 [pammcator]
661 3389 809 3451 (iiceroni
844 3388 1011 3464 placasses
1047 3379 1118 3431 elixo

53 3485 241 3556 Man'amqne
251 3483 408 3558 geminata
423 3484 436 3541 i
456 3481 610 3561 scribere3
629 3482 719 3562 quoi
732 3481 766 3542 si
779 3481 844 3554 est„
861 3475 968 3535 etiem
979 3457 1148 3528 &neam

42 3573 79 3626 nt
100 3586 273 3628 consonans,
