2400 3824
135 151 200 217 338
285 151 490 206 Grammaticos
510 154 611 206 aetatis
630 152 820 207 Varronianae
839 153 1003 221 fragmenta

609 326 675 382 349

201 431 232 488 in
251 430 339 507 pedes
363 431 515 506 procidere
537 434 708 489 nascentem
727 434 830 490 contra
853 433 997 490 naturam
1018 433 1077 504 est,
1103 450 1158 507 quo

135 523 309 597 argumento
333 539 381 579 eos
405 521 594 596 appellavere
617 520 769 598 Agrippas
792 523 827 578 ut
850 539 937 598 aegre
960 523 1080 596 portos,

205 619 280 673 Plio.
300 637 327 672 n.
346 620 372 674 b.
393 624 418 686 7,
432 624 468 672 45
486 633 511 672 ln
524 634 591 681 pedes
604 651 631 658 -
644 637 728 685 partos,
752 618 874 687 qualiter
892 621 921 674 ot
939 619 976 672 M.
998 619 1157 688 Agrippam

132 689 227 743 ferunt
245 690 381 760 genitum,
400 691 482 743 unico
500 707 587 759 prope
606 690 751 744 felicitatis
771 690 898 760 exemplo
917 690 947 742 in
966 689 1105 745 omnibus
1125 690 1157 744 ad

132 761 207 814 hunc
225 762 340 814 modum
358 761 469 830 genitis.
508 764 541 828 ef.
559 762 646 816 Varro
664 763 699 829 fr.
716 767 776 815 145.
812 761 904 831 Quint.
921 767 947 827 1,
961 767 990 828 4,
1004 766 1054 816 25.
1085 763 1156 818 Sero.

133 833 209 887 Dora.
229 834 298 886 Aen.
318 837 350 898 8,
365 838 429 888 682.
467 834 540 887 Noe.
561 851 591 902 p.
612 837 719 899 557,1.
757 834 843 888 Solia.
861 840 891 900 1,
906 838 950 888 65.
990 835 1100 889 Anecd.
1114 835 1154 888 Ἠ.

128 922 158 972 p.
173 909 236 970 239,
251 909 295 958 19.
325 904 412 959 OGL
427 905 472 959 VI
486 909 522 961 46
540 906 609 972 (Iac.
624 906 657 960 de
666 922 808 974 morione.
823 907 859 974 3).

205 1017 218 1063 1
238 1011 388 1079 procedere
408 1012 485 1066 Laid.
504 1016 573 1067 m.2
592 1013 667 1067 Rioc.
687 1030 721 1066 m.
736 1017 756 1068 2
773 1030 814 1083 op.
833 1012 919 1068 Solia.
936 1017 961 1078 1,
978 1017 1017 1066 65

590 1164 609 1206 *
620 1165 686 1223 350

198 1269 352 1329 Iuniorum
372 1265 458 1348 ¹<in>
490 1270 605 1329 familia
642 1271 809 1330 Bubulcum
846 1271 1061 1348 nominarunt,
1104 1273 1152 1348 qui

132 1358 229 1418 bubus
253 1362 364 1435 optime
388 1360 536 1418 utebatur.

203 1459 277 1512 Plio.
297 1475 324 1510 a.
344 1459 369 1511 lr.
391 1463 433 1524 18,
452 1464 487 1512 10
504 1473 622 1512 rumorum
636 1491 662 1497 -
676 1475 785 1513 uebatur.
822 1461 856 1527 cf.
875 1476 962 1528 sopra
977 1459 1071 1515 Varro
1088 1478 1111 1516 r.
1130 1478 1150 1514 r.

130 1531 257 1593 2,1,10.
277 1529 368 1582 eadem
388 1529 479 1583 Plinii
493 1532 672 1601 poroprapbo
690 1538 791 1586 corteno
810 1531 944 1586 Varronis
962 1531 1148 1602 frapmeotom

131 1602 209 1670 (358)
227 1602 389 1655 continetur.

203 1706 261 1779 (θ)
283 1709 419 1778 Maplroff,
438 1710 485 1777 qui
503 1691 536 1763 'de
554 1709 584 1762 in
603 1726 706 1779 qaoque
724 1711 854 1780 replicuit

590 1860 681 1919 *351

198 1964 296 2040 Scipio
320 1965 479 2026 Africanus
506 1968 589 2042 prior
618 1971 706 2027 natus
736 1967 911 2043 primusque
939 1966 1104 2028 Caesarum
1132 1989 1148 2029 a

131 2073 215 2112 caeso
239 2055 344 2114 matris
367 2058 453 2114 utero
477 2056 582 2114 dictus.

202 2152 276 2206 Plio.
292 2171 319 2207 a.
334 2155 359 2206 b.
376 2158 401 2219 7,
416 2158 452 2208 47
471 2155 643 2222 auspicatius
659 2159 758 2208 enecta
771 2159 888 2224 parente
903 2157 1074 2226 gignuntur-3
1097 2159 1149 2212 sic·

129 2227 162 2276 ut
178 2237 252 2285 scipio
266 2256 293 2262 —
307 2239 385 2290 metus,
405 2243 461 2293 qua
480 2227 514 2279 de
534 2243 618 2280 causa
637 2229 666 2280 et
685 2226 821 2281 Caesones
841 2227 986 2296 appellati.
1022 2230 1057 2296 cs.
1078 2232 1148 2284 Tert.

129 2295 161 2348 de
187 2313 232 2348 oo.
256 2301 292 2350 25
326 2296 374 2364 qui
403 2300 514 2351 exsecto
542 2297 639 2350 matris
668 2301 748 2351 utero
776 2299 833 2352 vivi
862 2303 954 2352 aerem
981 2300 1148 2367 hauserunt,

129 2366 222 2420 Liberi
242 2366 331 2435 aliqui
350 2370 378 2420 et
398 2367 548 2436 Scipiones.
578 2370 653 2424 Non.
668 2387 698 2438 p.
715 2373 779 2435 556,
793 2375 832 2425 26
855 2369 986 2425 Caesares
1007 2371 1081 2426 dicti
1101 2372 1149 2441 qui

130 2453 211 2491 caesa
234 2442 323 2492 matre
347 2443 507 2494 nascuntur.
545 2441 626 2495 aliter
648 2442 756 2495 Paulos
774 2442 893 2511 Festp.
914 2446 1014 2508 5714
1038 2446 1067 2512 (a
1087 2461 1149 2499 cae·

129 2509 219 2579 sarie).
257 2511 290 2576 cf.
311 2511 379 2565 Ieid.
394 2529 432 2565 or.
448 2515 474 2578 9,
490 2516 515 2578 3,
531 2517 573 2567 12.

586 2665 605 2706 ’¹‘
616 2663 681 2724 352

196 2766 339 2843 Calpurni
362 2789 379 2826 a
404 2768 496 2844 Calpo
520 2770 635 2828 Numae
659 2771 739 2847 regis
762 2770 823 2830 filio
848 2775 917 2830 sunt
940 2775 1070 2834 oriundi.

199 2868 281 2920 Pool.
296 2867 370 2921 Fert.
382 2885 411 2936 p.
427 2872 500 2934 47,2
514 2881 621 2930 Calpurni
630 2901 656 2908 —
666 2884 762 2923 oriundi.
790 2871 822 2924 de
835 2873 884 2926 boc
898 2871 972 2926 Prot.
987 2873 1089 2928 Numa
1102 2879 1146 2930 21.

128 2938 207 2991 Laos
226 2939 320 2991 Pisone
336 2942 371 2991 15
395 2941 507 3008 (PLM
522 2942 544 2993 Ι
561 2945 618 2995 226
636 2943 690 3010 Β.).
728 2941 814 2996 Sobel.
840 2944 920 3011 Orco.
945 2945 976 2998 in
1000 2945 1074 3000 Hor.
1094 2955 1147 3002 ort.

124 3025 153 3076 p.
172 3013 234 3063 292.
273 3010 306 3074 of.
328 3011 447 3064 Maeror
465 3012 530 3065 ibid.
546 3029 576 3081 p.
595 3016 659 3066 268.
702 3014 801 3082 plesco,
825 3031 893 3083 quoe
916 3016 993 3084 opud
1019 3017 1147 3072 Verrium

123 3097 248 3219 ῧοαῗπιὲ
262 3081 411 3221 pgoppegit,
427 3082 523 3136 ‘cclix'
539 3101 572 3138 ear
588 3085 709 3139 Varrone
723 3085 760 3138 od
780 3087 896 3140 litteram
914 3087 970 3154 fere
988 3088 1093 3144 boneta
1108 3097 1145 3145 est

157 3169 170 3204 e
201 3194 205 3204 .
250 3193 256 3204 .
293 3193 302 3217 ‚
383 3194 389 3206 .

584 3271 679 3328 *353
735 3340 739 3348 .

195 3371 280 3431 Chilo
296 3373 404 3432 dicitur
421 3379 615 3452 cognomento
635 3397 653 3435 a
671 3378 876 3456 magnitudine
894 3381 1059 3458 labrorum,
1080 3383 1145 3444 cilo

68 3492 93 3592 Ι
121 3461 189 3520 sine
203 3463 386 3539 aspiratione
405 3463 452 3524 oui
471 3466 552 3525 frons
570 3468 614 3524 est
633 3468 811 3526 eminentior
830 3488 864 3528 ac
883 3469 988 3530 dextra
1007 3473 1143 3534 sinistra·

108 3569 170 3627 pue
195 3554 292 3614 relati
317 3558 417 3618 recisa
440 3555 572 3618 ridetur.
