2400 3824
117 196 183 260 344
264 196 470 252 Grammaticus
489 199 591 252 aetatis
611 196 801 251 varronianae
820 198 981 267 fragmenta

118 367 213 425 acrias
240 383 341 425 rursus
370 367 439 426 deos
467 369 497 426 et
524 367 628 426 heroas
657 365 834 443 pronuntiat
864 368 1026 444 appellari,
1059 386 1137 427 nunc

117 457 308 531 antiquorum
336 456 499 515 sententias
529 474 654 532 sequens
682 455 795 515 Lanras
832 475 894 516 esse
931 456 1007 516 dicit
1033 457 1135 532 Lares,

90 545 203 620 squasi
227 545 371 620 quosdam
395 546 497 622 genios
521 548 551 604 st
573 547 744 604 functorum
767 547 889 604 animas.

187 646 291 698 Arnob.
307 649 333 712 3,
347 648 382 698 41
400 659 473 698 Varro
492 643 621 698 similiter
642 659 756 699 umescens
770 677 803 684 —
818 659 903 699 animas
926 645 1133 718 [mortuorum].

116 715 150 780 cf.
175 717 234 770 Aa.
258 716 319 772 Stil.
347 717 384 783 fr.
405 722 429 770 1.
472 717 526 771 Cic.
551 717 583 769 de
607 718 654 787 lep.
673 721 701 782 2,
715 721 760 770 22.
805 716 880 770 Prot.
904 725 1007 786 quant.
1032 719 1069 773 R.
1091 723 1132 774 52.

115 787 277 924 {agelaga
293 792 373 853 3,63,
407 788 485 856 (Isiu
505 805 543 841 or.
559 792 722 854 s,11,100).
756 789 831 841 Noa.
845 805 876 857 p.
892 793 936 855 66,
946 793 973 842 8.
1006 790 1132 845 Macron.

188 971 201 1017 1
222 983 319 1019 manas
401 969 416 1017 3
435 964 573 1019 haerohas
655 972 670 1018 5
691 965 888 1020 effunctcrum:
907 983 954 1021 cm.
969 967 1133 1023 Stcwecttus

587 1120 656 1175 373

181 1240 357 1301 Novensiles
396 1275 436 1282 —-
474 1244 667 1301 novenarium
705 1263 860 1301 numerum
896 1243 992 1301 tradit
1025 1243 1131 1318 Varro,

114 1330 194 1406 quod
214 1331 246 1388 in
269 1330 421 1389 monendis
443 1331 531 1390 rebus
553 1332 778 1407 potentissimus
802 1350 918 1407 semper
935 1332 1083 1392 habeatur
1102 1337 1132 1392 et

115 1437 268 1479 maxrmus.

185 1519 287 1573 Aruob.
304 1524 329 1585 3,
344 1524 381 1573 38
399 1534 529 1574 Novensiles
547 1552 573 1559 -
592 1534 708 1574 maximus.
741 1520 774 1586 cf.
801 1522 887 1575 Varro
910 1521 942 1574 de
961 1521 978 1575 t.
995 1521 1028 1574 L.
1046 1526 1072 1588 5,
1087 1527 1129 1576 74.

113 1590 180 1645 Piso
193 1591 228 1656 fr.
244 1595 268 1644 4.
298 1591 394 1644 Aelius
412 1591 481 1646 sato
495 1592 529 1657 fr.
545 1595 591 1645 22.
622 1591 733 1646 Cincius
746 1593 782 1658 fr.
797 1596 841 1646 22.
873 1592 1038 1659 Cornificiae
1051 1596 1087 1661 fr.
1103 1599 1129 1648 8.

184 1702 200 1748 2
219 1697 248 1750 in
266 1697 402 1750 novandis
424 1698 541 1752 Ursinus

583 1851 654 1907 374

180 1971 275 2032 Varro
295 1974 347 2048 qui
370 1975 439 2032 sunt
462 1976 607 2032 introrsus
627 1976 717 2050 atque
739 1973 771 2032 in
790 1973 906 2033 intimis
924 1975 1129 2050 penetralibus

112 2062 188 2120 caeli
224 2061 293 2121 deos
331 2081 393 2122 esse
430 2065 529 2122 censet
566 2082 639 2139 quos
676 2063 828 2140 loquimur
865 2057 1033 2142 [Penates],
1074 2083 1128 2124 nec

113 2168 214 2210 eorum
250 2169 404 2210 numerum
441 2171 495 2211 nee
531 2153 653 2212 nomina
689 2153 766 2212 sciri.
812 2152 866 2210 hos
899 2151 1061 2212 Consentes
1099 2157 1129 2212 et

113 2238 277 2315 Complioes
302 2240 420 2300 Etrusci
449 2242 534 2301 aiunt
558 2245 587 2299 st
610 2244 775 2316 nominant,
806 2241 885 2317 quod
907 2261 968 2301 una
992 2244 1128 2302 oriantur

85 2332 144 2388 set
162 2329 300 2388 occidant
322 2350 389 2405 una,
414 2349 464 2388 sex
482 2349 578 2390 mares
602 2334 632 2390 et
654 2331 778 2390 totidem
798 2331 933 2406 feminas,
956 2333 1126 2392 nominibus

112 2418 223 2495 ignotis
247 2421 277 2478 et
299 2419 499 2479 miserationis
527 2421 733 2495 parcissimae3
763 2421 814 2480 sed
843 2439 892 2480 eos
915 2422 1024 2480 summi
1046 2421 1126 2481 Iovis

113 2507 298 2566 consiliarios
322 2527 357 2568 nc
380 2508 541 2586 participes
565 2509 736 2568 existimari.

182 2606 284 2661 Amol).
301 2610 326 2673 3,
341 2611 377 2661 40
391 2622 463 2661 Varro
478 2623 516 2670 qul
531 2639 564 2646 -
579 2622 708 2662 existimari.
732 2609 766 2674 cf.
782 2609 863 2663 Prob-
885 2609 960 2679 Very.
976 2611 1034 2664 buc.
1046 2615 1072 2676 6,
1082 2615 1124 2666 31.

111 2677 183 2732 Sero.
203 2679 279 2732 Dan.
299 2680 368 2732 Aea.
383 2684 410 2744 2,
424 2683 486 2734 296.
515 2679 553 2733 td.
572 2681 731 2746 ibid.3,12
749 2680 888 2750 [Varrone
911 2681 1032 2752 auctore]
1055 2698 1124 2749 quos

110 2749 228 2802 Romani
246 2750 360 2818 penitus
379 2751 409 2803 in
428 2749 505 2803 cultu
523 2750 637 2818 habent,
656 2768 726 2818 quos
745 2751 800 2804 nisi
819 2751 959 2806 sacerdoti
972 2752 1069 2806 videm
1082 2753 1125 2806 fas

110 2819 182 2873 nulli
201 2821 251 2886 sit,
276 2820 325 2888 qui
343 2821 406 2875 ideo
425 2823 540 2890 penates
567 2821 758 2891 appellantur,
782 2823 857 2890 quod
879 2821 909 2875 in
932 2822 1124 2891 penetralibus

111 2891 223 2944 aedium
243 2891 297 2945 coli
317 2891 437 2957 soleant3
461 2911 527 2946 narn
546 2895 574 2948 et
592 2893 685 2962 ipsum
703 2892 831 2962 penetral
849 2909 938 2963 penus
958 2894 1071 2963 dicitur,
1093 2896 1125 2948 ut

109 2962 194 3017 hodie
213 2980 323 3031 quoque
341 2980 429 3032 penus
448 2964 551 3018 Vestae
571 2964 664 3018 claudi
683 2964 727 3018 vel
746 2965 849 3034 aperiri
868 2965 979 3020 dicitur.
1007 2968 1042 3034 ef.
1060 2969 1124 3022 Μα-

109 3035 179 3089 cros.
195 3040 220 3101 s,
235 3039 260 3101 4,
275 3039 301 3088 s.

182 3147 197 3194 6
216 3141 424 3196 memorationis
449 3143 565 3198 Ursinus
624 3148 639 3196 7
658 3143 811 3212 participes
831 3144 963 3215 Scaliqer:
982 3145 1124 3216 principes

582 3295 651 3352 375

176 3419 272 3476 Varro
302 3418 474 3478 Pilumnum
505 3422 535 3477 et
564 3419 739 3478 Pitumnum
769 3421 932 3480 infantium
962 3421 1031 3505 deos
1061 3440 1124 3482 esse

70 3506 144 3592 Ut
165 3509 273 3584 eisque
296 3529 357 3586 pro
378 3528 530 3589 puerpera
556 3509 669 3570 lectum
690 3511 725 3568 in
746 3511 823 3568 atrio
846 3511 952 3585 sterni,
982 3510 1053 3569 dum
1076 3531 1123 3570 ex·

150 3600 225 3658 clar
248 3621 288 3663 an
317 3604 427 3667 vitalis
451 3603 497 3666 sit
521 3603 577 3686 qui
599 3605 693 3664 natus
717 3602 780 3675 ests
794 3599 871 3657 liiso
888 3592 950 3676 lli·
966 3593 1132 3674 slsum-

456 3742 469 3771 k
