2400 3824
132 116 198 180 570
297 117 503 172 Grammaticus
522 120 624 173 aetatis
643 120 803 189 Augusteae
822 120 985 190 fragmenta

203 281 228 332 2.
249 279 309 334 Seu.
333 296 406 333 eune.
425 283 452 345 2,
466 284 504 333 20
531 281 627 333 notate
652 295 720 348 prae
746 279 846 335 ceteris
872 282 980 349 quanto
1008 279 1147 334 decentius

132 348 274 418 Vergilius
289 350 392 405 dixerit
407 351 468 413 hoc,
487 352 563 418 quod
582 351 663 404 valde
683 354 743 405 erat
762 350 873 405 celebre
888 349 970 405 ‘belli
989 367 1070 406 mora
1088 367 1148 405 con-

133 420 203 473 cidit
222 420 339 475 Heotor’
365 423 446 505 [Aen.
462 427 506 488 11,
519 422 601 494 288]:
627 422 781 491 ‘quidquid
800 423 838 476 ad
857 423 993 476 adversae
1014 425 1148 477 cessatum

133 496 176 544 cst
190 493 301 547 moenia
315 493 423 560 Troiae,
434 494 447 563 s
460 493 589 547 Hectoris
603 494 770 562 Aeneaeque
784 510 871 548 manu
884 492 1007 548 sictona
1016 493 1152 562 Graium]

105 563 245 617 ehaesit'.
273 565 405 618 Messalla
419 566 515 618 aiebat
529 565 574 619 hic
589 564 746 635 Vergilium
765 564 897 619 debuisse
916 564 1061 620 desinere:
1081 566 1149 633 quod

132 635 258 704 sequitur
276 637 354 708 [290]
375 637 416 691 ‘et
434 637 463 689 in
482 635 622 690 decimum
640 637 761 706 vestigia
785 636 898 690 rettulit
920 637 1042 690 annum'
1064 637 1149 706 exple·

132 709 258 760 mentum
277 723 349 774 esse3
368 708 517 762 Maecenas
536 709 589 762 hoc
608 708 694 761 etiam
712 707 800 777 priori
818 708 1006 777 conparabat.

203 797 317 850 Harder
340 797 394 865 (die
413 798 525 867 Fraprn.
546 797 572 850 d.
593 798 682 851 Mace.
696 813 728 866 p.
747 799 793 866 21)
815 797 860 851 ln‘c
882 802 908 850 et
929 812 1022 866 stupra
1047 801 1149 867 (teuit)

133 869 320 922 Maecenatem
340 870 483 922 Metiscum
504 869 572 922 Gaii
592 869 716 923 libertum
734 869 893 923 denotatum
910 884 968 923 esse
986 875 1090 938 putat,
1112 870 1151 924 eei

132 955 193 992 cum
218 939 320 993 Seneca
345 940 417 993 inter
439 941 531 994 narica
553 941 696 1007 smpwree
721 940 840 994 eiusdem
864 940 992 994 neminie
1012 943 1151 1009 perspicue

133 1010 299 1080 distinguere
326 1012 411 1065 soleat
438 1012 559 1078 idemque
589 1011 616 1066 0.
644 1011 829 1065 Maecenatem
847 1012 999 1080 quinquies
1013 1019 1152 1080 praeterea

131 1082 187 1136 eota
201 1098 303 1150 semper
316 1083 364 1135 hoc
377 1084 486 1136 nemine
499 1084 634 1153 significet
649 1084 776 1150 (ecanae.
791 1085 854 1148 2,4,
865 1086 901 1137 13
915 1082 969 1136 bie
989 1088 1017 1150 9,
1029 1087 1110 1151 3,14.
1123 1089 1152 1138 10

127 1155 219 1221 praef.
238 1158 263 1207 8.
282 1169 355 1207 suae.
375 1158 400 1219 3,
416 1157 451 1221 5),
471 1155 505 1208 ab
524 1170 553 1208 eo
572 1153 709 1208 dissentio.

333 1415 384 1499 M.
418 1411 691 1500 VIPSANIUS
724 1413 959 1498 AGRIPPA

507 1581 775 1648 TESTIMONIA

205 1708 229 1757 1.
250 1705 326 1758 Mar.
343 1705 410 1758 Vici.
424 1722 454 1773 p.
475 1709 533 1771 9‚5
560 1704 693 1759 Messalla
712 1705 814 1758 Brutus
833 1704 967 1774 Agrippa
991 1725 1050 1776 pro
1071 1726 1156 1763 snmus

133 1775 220 1828 simus
239 1776 437 1846 [seruauerunt]

204 1859 230 1908 2.
257 1856 329 1910 Suet.
355 1857 412 1909 reli.
434 1874 464 1924 p.
486 1861 521 1909 65
540 1858 575 1910 R.
613 1856 650 1909 M.
672 1855 823 1925 Vipsanius
850 1871 867 1909 a
893 1856 1074 1916 Maecenate
1103 1878 1157 1915 eun

132 1927 311 1997 [Vergilium]
327 1927 502 1995 suppositum
517 1927 682 1996 appellabat
696 1943 784 1981 novae
800 1927 961 1982 cacozeliae
976 1934 1157 2000 repertorem,

132 2015 189 2051 non
207 1998 334 2052 tumidae
352 2013 404 2050 nec
423 1997 512 2064 exilis,
535 1999 584 2052 sed
604 2015 637 2051 ex
656 1999 850 2052 communibus
869 1998 966 2054 verbis
987 2005 1083 2071 atque
1102 2004 1157 2056 ideo

131 2067 256 2122 latentis.
291 2071 325 2136 cf.
346 2070 485 2134 Weiclteet,
500 2076 583 2137 poeti.
599 2071 673 2124 Latt.
688 2072 745 2124 reli.
760 2088 791 2139 p.
805 2074 869 2124 275.
904 2071 1045 2141 Ribbeck,
1061 2078 1157 2145 prona

131 2140 170 2192 act
193 2140 269 2210 Verp.
289 2159 319 2208 p.
335 2145 395 2194 100.
440 2142 472 2195 de
496 2143 624 2211 Agrippa
646 2143 690 2196 in
715 2142 893 2210 inteliependo
918 2160 980 2198 non
1005 2149 1087 2202 mutii
1107 2149 1158 2202 nne

132 2228 225 2278 cansa,
245 2215 351 2280 opinor,
370 2213 499 2266 dubitant
514 2214 558 2281 (cf.
575 2214 689 2281 Prosop.
707 2215 771 2281 imp.
788 2214 866 2267 Rom.
882 2216 908 2280 3,
924 2216 1093 2286 442l457);
1109 2219 1159 2285 suit

132 2284 206 2408 emti
227 2286 251 2336 is
276 2284 331 2337 ‘nir
353 2285 503 2338 rusticitati
521 2285 638 2352 propior
661 2301 744 2352 qnam
767 2285 895 2350 deliciie’,
918 2292 954 2340 nt
977 2287 1101 2344 Plinius
1123 2291 1160 2344 ait

132 2356 169 2423 (n.
208 2396 213 2407 .
233 2359 277 2422 35,
295 2357 351 2424 ee).

205 2459 218 2506 1
238 2452 381 2522 vipsanius

298 2711 576 2800 VIPSANIUS
609 2710 988 2800 PHILARGYRUS

204 2880 276 2934 Suet.
292 2883 349 2935 nell.
364 2899 394 2950 p.
411 2885 464 2935 136
480 2881 514 2935 R.
542 2881 607 2948 post
626 2896 690 2933 eum
705 2879 856 2962 [Tironem]
873 2879 1037 2950 Vipsanius
1052 2886 1154 2940 Philar-

135 2967 219 3020 gyrus
244 2953 273 3004 et
291 2952 395 3020 Aquila
418 2951 536 3006 libertus
555 2951 726 3006 Maecenatis
752 2950 822 3004 alias
847 2951 952 3023 [notas]
974 2955 1152 3011 addiderunt.

388 3210 664 3298 MAECENAS
701 3210 896 3314 AQUILA

205 3380 277 3435 Suet.
291 3381 348 3434 reli.
359 3396 389 3447 p.
402 3384 457 3434 136
466 3381 502 3434 R.
518 3406 551 3424 =
570 3381 644 3448 Vips.
660 3379 783 3449 Philone.
795 3384 819 3432 1.
845 3396 932 3446 praee
948 3382 1026 3438 Gaea.
1043 3387 1105 3441 Die
1115 3386 1151 3449 55,

134 3451 193 3513 7,6
211 3452 254 3521 (cie
273 3453 442 3520 Maecenate)
461 3459 570 3518 πρῶτος
589 3449 689 3520 σημεῖά
707 3470 771 3504 τινα
790 3450 960 3519 γραμμάτων
981 3455 1057 3523 πρὸς
1076 3456 1152 3530 τάχος

70 3426 226 3640 Ἰέξεῦρε
244 3523 293 3577 καὶ
312 3521 383 3576 αὐτὰ
403 3521 451 3577 διὰ
472 3519 583 3575 {tuition
602 3519 794 3587 ἀπελευθέρου
814 3522 934 3590 συχνοὺς
952 3523 1110 3595 ἐξεδίδαξε.
