<?xml version="1.0" encoding="UTF-8"?>
<!DOCTYPE html PUBLIC "-//W3C//DTD XHTML 1.0 Transitional//EN"
    "http://www.w3.org/TR/xhtml1/DTD/xhtml1-transitional.dtd">
<html xmlns="http://www.w3.org/1999/xhtml" xml:lang="en" lang="en">
 <head>
  <title>
</title>
<meta http-equiv="Content-Type" content="text/html;charset=utf-8" />
  <meta name='ocr-system' content='tesseract 3.04.00' />
  <meta name='ocr-capabilities' content='ocr_page ocr_carea ocr_par ocr_line ocrx_word'/>
</head>
<body>
  <div class='ocr_page' id='page_1' title='image "./grammaticaeroma02funagoog_0362.png"; bbox 0 0 2400 3824; ppageno 0'>
   <div class='ocr_carea' id='block_1_1' title="bbox 439 124 1098 194">
    <p class='ocr_par' dir='ltr' id='par_1_1' title="bbox 439 124 1098 194">
     <span class='ocr_line' id='line_1_1' title="bbox 439 124 1098 194; baseline 0.029 -18"><span class='ocrx_word' id='word_1_1' title='bbox 439 125 475 179; x_wconf 82' lang='lat' dir='ltr'>M.</span> <span class='ocrx_word' id='word_1_2' title='bbox 495 124 642 180; x_wconf 80' lang='lat' dir='ltr'><strong>Terentius</strong></span> <span class='ocrx_word' id='word_1_3' title='bbox 660 125 748 180; x_wconf 87' lang='lat' dir='ltr'>Varro</span> <span class='ocrx_word' id='word_1_4' title='bbox 1034 130 1098 194; x_wconf 79' lang='grc'>327</span> 
     </span>
    </p>
   </div>
   <div class='ocr_carea' id='block_1_2' title="bbox 556 297 621 354">
    <p class='ocr_par' dir='ltr' id='par_1_2' title="bbox 556 297 621 354">
     <span class='ocr_line' id='line_1_2' title="bbox 556 297 621 354; baseline 0 -1"><span class='ocrx_word' id='word_1_5' title='bbox 556 297 621 354; x_wconf 84' lang='grc'>318</span> 
     </span>
    </p>
   </div>
   <div class='ocr_carea' id='block_1_3' title="bbox 84 397 1100 565">
    <p class='ocr_par' dir='ltr' id='par_1_3' title="bbox 84 397 1100 565">
     <span class='ocr_line' id='line_1_3' title="bbox 153 397 1100 480; baseline 0.004 -20"><span class='ocrx_word' id='word_1_6' title='bbox 153 397 241 461; x_wconf 81' lang='lat' dir='ltr'>‘anno</span> <span class='ocrx_word' id='word_1_7' title='bbox 261 403 380 461; x_wconf 91' lang='lat' dir='ltr'>demum</span> <span class='ocrx_word' id='word_1_8' title='bbox 399 404 505 478; x_wconf 89' lang='lat' dir='ltr'>quinto</span> <span class='ocrx_word' id='word_1_9' title='bbox 525 404 556 460; x_wconf 88' lang='lat' dir='ltr'>ct</span> <span class='ocrx_word' id='word_1_10' title='bbox 577 399 771 480; x_wconf 84' lang='lat' dir='ltr'>sexagesimo&#39;</span> <span class='ocrx_word' id='word_1_11' title='bbox 796 405 870 464; x_wconf 89' lang='lat' dir='ltr'>baeo</span> <span class='ocrx_word' id='word_1_12' title='bbox 888 408 971 465; x_wconf 86' lang='lat' dir='ltr'>aetas</span> <span class='ocrx_word' id='word_1_13' title='bbox 990 409 1043 480; x_wconf 90' lang='lat' dir='ltr'>est,</span> <span class='ocrx_word' id='word_1_14' title='bbox 1066 409 1100 465; x_wconf 90' lang='lat' dir='ltr'>ut</span> 
     </span>
     <span class='ocr_line' id='line_1_4' title="bbox 84 491 709 565; baseline 0.002 -16"><span class='ocrx_word' id='word_1_15' title='bbox 84 493 180 550; x_wconf 88' lang='lat' dir='ltr'>Varro</span> <span class='ocrx_word' id='word_1_16' title='bbox 203 492 257 565; x_wconf 90' lang='lat' dir='ltr'>ait,</span> <span class='ocrx_word' id='word_1_17' title='bbox 280 493 371 550; x_wconf 87' lang='lat' dir='ltr'>etiam</span> <span class='ocrx_word' id='word_1_18' title='bbox 394 491 574 550; x_wconf 80' lang='lat' dir='ltr'>comicorum</span> <span class='ocrx_word' id='word_1_19' title='bbox 597 511 709 550; x_wconf 91' lang='lat' dir='ltr'>senum.</span> 
     </span>
    </p>
   </div>
   <div class='ocr_carea' id='block_1_4' title="bbox 155 589 1099 660">
    <p class='ocr_par' dir='ltr' id='par_1_4' title="bbox 155 589 1099 660">
     <span class='ocr_line' id='line_1_5' title="bbox 155 589 1099 660; baseline 0.005 -16"><span class='ocrx_word' id='word_1_20' title='bbox 155 591 228 645; x_wconf 81' lang='lat' dir='ltr'>Don.</span> <span class='ocrx_word' id='word_1_21' title='bbox 244 591 302 645; x_wconf 82' lang='lat' dir='ltr'>Ter.</span> <span class='ocrx_word' id='word_1_22' title='bbox 318 591 423 658; x_wconf 78' lang='lat' dir='ltr'><strong><em>adelph.</em></strong></span> <span class='ocrx_word' id='word_1_23' title='bbox 435 595 461 656; x_wconf 89' lang='lat'>5,</span> <span class='ocrx_word' id='word_1_24' title='bbox 471 595 499 657; x_wconf 84' lang='grc'>8,</span> <span class='ocrx_word' id='word_1_25' title='bbox 510 589 563 645; x_wconf 81' lang='lat'>15³</span> <span class='ocrx_word' id='word_1_26' title='bbox 581 617 771 646; x_wconf 76' lang='lat' dir='ltr'>anno—senum.</span> <span class='ocrx_word' id='word_1_27' title='bbox 790 593 824 659; x_wconf 77' lang='lat' dir='ltr'>cf.</span> <span class='ocrx_word' id='word_1_28' title='bbox 840 595 877 648; x_wconf 81' lang='lat' dir='ltr'>s&#39;d.</span> <span class='ocrx_word' id='word_1_29' title='bbox 893 594 1099 660; x_wconf 72' lang='lat' dir='ltr'>cuca2,1,25³.</span> 
     </span>
    </p>
   </div>
   <div class='ocr_carea' id='block_1_5' title="bbox 83 794 721 957">
    <p class='ocr_par' dir='ltr' id='par_1_5' title="bbox 83 794 721 957">
     <span class='ocr_line' id='line_1_6' title="bbox 83 794 617 850; baseline -0.002 -1"><span class='ocrx_word' id='word_1_30' title='bbox 83 795 132 849; x_wconf 82' lang='lat' dir='ltr'>DE</span> <span class='ocrx_word' id='word_1_31' title='bbox 152 794 359 850; x_wconf 82' lang='lat' dir='ltr'><strong>GENERIBUS</strong></span> <span class='ocrx_word' id='word_1_32' title='bbox 379 795 617 849; x_wconf 79' lang='lat' dir='ltr'>LITTERARUM</span> 
     </span>
     <span class='ocr_line' id='line_1_7' title="bbox 191 901 721 957; baseline 0.002 -1"><span class='ocrx_word' id='word_1_33' title='bbox 191 901 377 956; x_wconf 76' lang='lat' dir='ltr'>ORATIONE</span> <span class='ocrx_word' id='word_1_34' title='bbox 400 901 541 956; x_wconf 81' lang='lat' dir='ltr'>SOLUTA</span> <span class='ocrx_word' id='word_1_35' title='bbox 564 901 721 957; x_wconf 66' lang='lat' dir='ltr'>scmus</span> 
     </span>
    </p>
   </div>
   <div class='ocr_carea' id='block_1_6' title="bbox 555 1022 620 1078">
    <p class='ocr_par' dir='ltr' id='par_1_6' title="bbox 555 1022 620 1078">
     <span class='ocr_line' id='line_1_8' title="bbox 555 1022 620 1078; baseline 0.015 -1"><span class='ocrx_word' id='word_1_36' title='bbox 555 1022 620 1078; x_wconf 85' lang='lat'>319</span> 
     </span>
    </p>
   </div>
   <div class='ocr_carea' id='block_1_7' title="bbox 78 1126 1137 2183">
    <p class='ocr_par' dir='ltr' id='par_1_7' title="bbox 78 1126 1137 2183">
     <span class='ocr_line' id='line_1_9' title="bbox 148 1126 1098 1206; baseline 0.003 -23"><span class='ocrx_word' id='word_1_37' title='bbox 148 1144 236 1201; x_wconf 87' lang='lat' dir='ltr'>prosa</span> <span class='ocrx_word' id='word_1_38' title='bbox 256 1129 300 1185; x_wconf 91' lang='lat' dir='ltr'>est</span> <span class='ocrx_word' id='word_1_39' title='bbox 323 1126 468 1201; x_wconf 89' lang='lat' dir='ltr'>producta</span> <span class='ocrx_word' id='word_1_40' title='bbox 491 1128 588 1185; x_wconf 86' lang='lat' dir='ltr'>oratio</span> <span class='ocrx_word' id='word_1_41' title='bbox 608 1128 709 1206; x_wconf 81' lang='lat' dir='ltr'>alege</span> <span class='ocrx_word' id='word_1_42' title='bbox 732 1129 821 1187; x_wconf 76' lang='lat' dir='ltr'>metm¹</span> <span class='ocrx_word' id='word_1_43' title='bbox 843 1129 955 1202; x_wconf 82' lang='lat' dir='ltr'>soluta3</span> <span class='ocrx_word' id='word_1_44' title='bbox 978 1147 1098 1204; x_wconf 88' lang='lat' dir='ltr'>prosum</span> 
     </span>
     <span class='ocr_line' id='line_1_10' title="bbox 82 1215 1098 1292; baseline 0.004 -20"><span class='ocrx_word' id='word_1_45' title='bbox 82 1216 162 1273; x_wconf 90' lang='lat' dir='ltr'>enim</span> <span class='ocrx_word' id='word_1_46' title='bbox 194 1215 312 1290; x_wconf 77' lang='lat' dir='ltr'>antiqui</span> <span class='ocrx_word' id='word_1_47' title='bbox 344 1215 524 1292; x_wconf 89' lang='lat' dir='ltr'>productum</span> <span class='ocrx_word' id='word_1_48' title='bbox 555 1216 694 1275; x_wconf 74' lang='lat' dir='ltr'>dicebant</span> <span class='ocrx_word' id='word_1_49' title='bbox 726 1221 756 1276; x_wconf 86' lang='lat' dir='ltr'>et</span> <span class='ocrx_word' id='word_1_50' title='bbox 784 1219 912 1292; x_wconf 83' lang='lat' dir='ltr'>rectum3</span> <span class='ocrx_word' id='word_1_51' title='bbox 947 1217 1024 1276; x_wconf 90' lang='lat' dir='ltr'>unde</span> <span class='ocrx_word' id='word_1_52' title='bbox 1055 1221 1098 1277; x_wconf 86' lang='lat' dir='ltr'>ait</span> 
     </span>
     <span class='ocr_line' id='line_1_11' title="bbox 80 1299 1098 1385; baseline 0.005 -24"><span class='ocrx_word' id='word_1_53' title='bbox 80 1304 178 1362; x_wconf 87' lang='lat' dir='ltr'>Varro</span> <span class='ocrx_word' id='word_1_54' title='bbox 198 1303 277 1380; x_wconf 89' lang='lat' dir='ltr'>apud</span> <span class='ocrx_word' id='word_1_55' title='bbox 296 1303 437 1362; x_wconf 87' lang='lat' dir='ltr'>Plautum</span> <span class='ocrx_word' id='word_1_56' title='bbox 457 1299 564 1380; x_wconf 88' lang='lat' dir='ltr'>‘prosis</span> <span class='ocrx_word' id='word_1_57' title='bbox 582 1301 681 1364; x_wconf 90' lang='lat' dir='ltr'>leotis&#39;</span> <span class='ocrx_word' id='word_1_58' title='bbox 700 1306 862 1385; x_wconf 82' lang='lat' dir='ltr'>significari</span> <span class='ocrx_word' id='word_1_59' title='bbox 885 1307 982 1366; x_wconf 90' lang='lat' dir='ltr'>rectis.</span> <span class='ocrx_word' id='word_1_60' title='bbox 1019 1307 1098 1366; x_wconf 88' lang='lat' dir='ltr'>unde</span> 
     </span>
     <span class='ocr_line' id='line_1_12' title="bbox 81 1393 1097 1473; baseline 0.004 -21"><span class='ocrx_word' id='word_1_61' title='bbox 81 1393 174 1452; x_wconf 87' lang='lat' dir='ltr'>etiam</span> <span class='ocrx_word' id='word_1_62' title='bbox 189 1413 265 1470; x_wconf 87' lang='lat' dir='ltr'>quae</span> <span class='ocrx_word' id='word_1_63' title='bbox 284 1414 343 1453; x_wconf 94' lang='lat' dir='ltr'>non</span> <span class='ocrx_word' id='word_1_64' title='bbox 363 1397 408 1452; x_wconf 88' lang='lat' dir='ltr'>est</span> <span class='ocrx_word' id='word_1_65' title='bbox 427 1394 556 1469; x_wconf 85' lang='lat' dir='ltr'>perflexa</span> <span class='ocrx_word' id='word_1_66' title='bbox 573 1415 696 1454; x_wconf 88' lang='lat' dir='ltr'>numero</span> <span class='ocrx_word' id='word_1_67' title='bbox 715 1396 766 1455; x_wconf 90' lang='lat' dir='ltr'>sed</span> <span class='ocrx_word' id='word_1_68' title='bbox 784 1398 874 1470; x_wconf 87' lang='lat' dir='ltr'>recta,</span> <span class='ocrx_word' id='word_1_69' title='bbox 893 1415 982 1473; x_wconf 88' lang='lat' dir='ltr'>prosa</span> <span class='ocrx_word' id='word_1_70' title='bbox 1000 1399 1097 1456; x_wconf 87' lang='lat' dir='ltr'>oratio</span> 
     </span>
     <span class='ocr_line' id='line_1_13' title="bbox 82 1483 1137 1562; baseline 0.007 -22"><span class='ocrx_word' id='word_1_71' title='bbox 82 1483 200 1558; x_wconf 87' lang='lat' dir='ltr'>dicitur,</span> <span class='ocrx_word' id='word_1_72' title='bbox 233 1483 265 1542; x_wconf 90' lang='lat' dir='ltr'>in</span> <span class='ocrx_word' id='word_1_73' title='bbox 297 1485 412 1541; x_wconf 88' lang='lat' dir='ltr'>rectum</span> <span class='ocrx_word' id='word_1_74' title='bbox 443 1484 640 1558; x_wconf 89' lang='lat' dir='ltr'>producendo.</span> <span class='ocrx_word' id='word_1_75' title='bbox 666 1518 705 1526; x_wconf 91' lang='lat'>-—</span> <span class='ocrx_word' id='word_1_76' title='bbox 727 1489 891 1560; x_wconf 84' lang='lat' dir='ltr'>&#39;praeterea</span> <span class='ocrx_word' id='word_1_77' title='bbox 921 1489 983 1544; x_wconf 85' lang='lat' dir='ltr'>tam</span> <span class='ocrx_word' id='word_1_78' title='bbox 1018 1486 1098 1562; x_wconf 87' lang='lat' dir='ltr'>apud</span> <span class='ocrx_word' id='word_1_79' title='bbox 1126 1508 1137 1548; x_wconf 86' lang='lat'><strong>5</strong></span> 
     </span>
     <span class='ocr_line' id='line_1_14' title="bbox 82 1571 1098 1650; baseline 0.004 -20"><span class='ocrx_word' id='word_1_80' title='bbox 82 1571 210 1632; x_wconf 83' lang='lat' dir='ltr'>Graecos</span> <span class='ocrx_word' id='word_1_81' title='bbox 226 1591 317 1648; x_wconf 91' lang='lat' dir='ltr'>quam</span> <span class='ocrx_word' id='word_1_82' title='bbox 332 1573 411 1648; x_wconf 91' lang='lat' dir='ltr'>apud</span> <span class='ocrx_word' id='word_1_83' title='bbox 424 1572 549 1632; x_wconf 85' lang='lat' dir='ltr'>Latinos</span> <span class='ocrx_word' id='word_1_84' title='bbox 568 1574 656 1650; x_wconf 84' lang='lat' dir='ltr'>longe</span> <span class='ocrx_word' id='word_1_85' title='bbox 675 1575 877 1650; x_wconf 78' lang='lat' dir='ltr'>antiquiorem</span> <span class='ocrx_word' id='word_1_86' title='bbox 891 1593 992 1634; x_wconf 88' lang='lat' dir='ltr'>curam</span> <span class='ocrx_word' id='word_1_87' title='bbox 1006 1576 1098 1636; x_wconf 86' lang='lat' dir='ltr'>fnisse</span> 
     </span>
     <span class='ocr_line' id='line_1_15' title="bbox 80 1662 1097 1738; baseline 0.005 -19"><span class='ocrx_word' id='word_1_88' title='bbox 80 1662 246 1720; x_wconf 90' lang='lat' dir='ltr'>carminum</span> <span class='ocrx_word' id='word_1_89' title='bbox 265 1681 356 1737; x_wconf 91' lang='lat' dir='ltr'>quam</span> <span class='ocrx_word' id='word_1_90' title='bbox 377 1680 497 1737; x_wconf 81' lang='lat' dir='ltr'>prosae3</span> <span class='ocrx_word' id='word_1_91' title='bbox 521 1664 622 1720; x_wconf 86' lang='lat' dir='ltr'>omnia</span> <span class='ocrx_word' id='word_1_92' title='bbox 640 1665 719 1722; x_wconf 91' lang='lat' dir='ltr'>enim</span> <span class='ocrx_word' id='word_1_93' title='bbox 737 1664 821 1738; x_wconf 89' lang='lat' dir='ltr'>prius</span> <span class='ocrx_word' id='word_1_94' title='bbox 839 1664 973 1723; x_wconf 90' lang='lat' dir='ltr'>versibus</span> <span class='ocrx_word' id='word_1_95' title='bbox 992 1665 1097 1724; x_wconf 91' lang='lat' dir='ltr'>conde·</span> 
     </span>
     <span class='ocr_line' id='line_1_16' title="bbox 80 1751 1098 1830; baseline 0.005 -22"><span class='ocrx_word' id='word_1_96' title='bbox 80 1751 200 1825; x_wconf 88' lang='lat' dir='ltr'>bantur,</span> <span class='ocrx_word' id='word_1_97' title='bbox 228 1769 333 1826; x_wconf 89' lang='lat' dir='ltr'>prosae</span> <span class='ocrx_word' id='word_1_98' title='bbox 357 1754 457 1810; x_wconf 88' lang='lat' dir='ltr'>autem</span> <span class='ocrx_word' id='word_1_99' title='bbox 481 1751 614 1810; x_wconf 90' lang='lat' dir='ltr'>studium</span> <span class='ocrx_word' id='word_1_100' title='bbox 636 1771 701 1812; x_wconf 89' lang='lat' dir='ltr'>sero</span> <span class='ocrx_word' id='word_1_101' title='bbox 724 1754 830 1830; x_wconf 83' lang='lat' dir='ltr'>viguit.</span> <span class='ocrx_word' id='word_1_102' title='bbox 876 1755 990 1829; x_wconf 80' lang='lat' dir='ltr'>primus</span> <span class='ocrx_word' id='word_1_103' title='bbox 1018 1754 1098 1829; x_wconf 90' lang='lat' dir='ltr'>apud</span> 
     </span>
     <span class='ocr_line' id='line_1_17' title="bbox 81 1830 1097 1919; baseline 0.003 -21"><span class='ocrx_word' id='word_1_104' title='bbox 81 1838 210 1900; x_wconf 83' lang='lat' dir='ltr'>Graecos</span> <span class='ocrx_word' id='word_1_105' title='bbox 239 1830 423 1916; x_wconf 87' lang='lat' dir='ltr'>Pherecydes</span> <span class='ocrx_word' id='word_1_106' title='bbox 448 1839 540 1916; x_wconf 81' lang='lat' dir='ltr'>Syrus</span> <span class='ocrx_word' id='word_1_107' title='bbox 568 1842 667 1901; x_wconf 87' lang='lat' dir='ltr'>soluta</span> <span class='ocrx_word' id='word_1_108' title='bbox 695 1843 828 1900; x_wconf 89' lang='lat' dir='ltr'>oratione</span> <span class='ocrx_word' id='word_1_109' title='bbox 857 1843 988 1918; x_wconf 85' lang='lat' dir='ltr'>scripsit,</span> <span class='ocrx_word' id='word_1_110' title='bbox 1018 1843 1097 1919; x_wconf 90' lang='lat' dir='ltr'>apud</span> 
     </span>
     <span class='ocr_line' id='line_1_18' title="bbox 80 1929 1137 2008; baseline 0.006 -21"><span class='ocrx_word' id='word_1_111' title='bbox 80 1929 232 1988; x_wconf 86' lang='lat' dir='ltr'>Romanos</span> <span class='ocrx_word' id='word_1_112' title='bbox 252 1932 351 1988; x_wconf 85' lang='lat' dir='ltr'>autem</span> <span class='ocrx_word' id='word_1_113' title='bbox 370 1929 487 2006; x_wconf 84' lang='lat' dir='ltr'>Appius</span> <span class='ocrx_word' id='word_1_114' title='bbox 507 1929 618 1990; x_wconf 77' lang='lat' dir='ltr'>Caecus</span> <span class='ocrx_word' id='word_1_115' title='bbox 642 1931 782 1990; x_wconf 87' lang='lat' dir='ltr'>adversus</span> <span class='ocrx_word' id='word_1_116' title='bbox 801 1931 949 2008; x_wconf 86' lang='lat' dir='ltr'>Pyrrhum</span> <span class='ocrx_word' id='word_1_117' title='bbox 968 1933 1097 1991; x_wconf 89' lang='lat' dir='ltr'>solutam</span> <span class='ocrx_word' id='word_1_118' title='bbox 1112 1955 1137 1994; x_wconf 79' lang='lat' dir='ltr'>ro</span> 
     </span>
     <span class='ocr_line' id='line_1_19' title="bbox 78 2020 1096 2098; baseline 0.002 -20"><span class='ocrx_word' id='word_1_119' title='bbox 78 2020 244 2078; x_wconf 87' lang='lat' dir='ltr'>orationem</span> <span class='ocrx_word' id='word_1_120' title='bbox 272 2020 385 2095; x_wconf 85' lang='lat' dir='ltr'>primus</span> <span class='ocrx_word' id='word_1_121' title='bbox 414 2022 552 2078; x_wconf 83' lang='lat' dir='ltr'>exercuit.</span> <span class='ocrx_word' id='word_1_122' title='bbox 598 2021 660 2078; x_wconf 90' lang='lat' dir='ltr'>iam</span> <span class='ocrx_word' id='word_1_123' title='bbox 687 2021 793 2080; x_wconf 81' lang='lat' dir='ltr'>exhinc</span> <span class='ocrx_word' id='word_1_124' title='bbox 816 2023 846 2079; x_wconf 89' lang='lat' dir='ltr'>et</span> <span class='ocrx_word' id='word_1_125' title='bbox 874 2023 964 2080; x_wconf 85' lang='lat' dir='ltr'>ceteri</span> <span class='ocrx_word' id='word_1_126' title='bbox 991 2041 1096 2098; x_wconf 86' lang='lat' dir='ltr'>prosae</span> 
     </span>
     <span class='ocr_line' id='line_1_20' title="bbox 79 2108 499 2183; baseline 0 -16"><span class='ocrx_word' id='word_1_127' title='bbox 79 2109 252 2183; x_wconf 85' lang='lat' dir='ltr'>eloquentia</span> <span class='ocrx_word' id='word_1_128' title='bbox 276 2108 499 2168; x_wconf 84' lang='lat' dir='ltr'>contenderunt.</span> 
     </span>
    </p>
   </div>
   <div class='ocr_carea' id='block_1_8' title="bbox 76 2208 1097 2548">
    <p class='ocr_par' dir='ltr' id='par_1_8' title="bbox 76 2208 1097 2548">
     <span class='ocr_line' id='line_1_21' title="bbox 150 2208 1097 2278; baseline 0.004 -18"><span class='ocrx_word' id='word_1_129' title='bbox 150 2208 218 2261; x_wconf 70' lang='lat' dir='ltr'>[sid.</span> <span class='ocrx_word' id='word_1_130' title='bbox 234 2224 271 2261; x_wconf 74' lang='lat' dir='ltr'>Or.</span> <span class='ocrx_word' id='word_1_131' title='bbox 293 2213 322 2274; x_wconf 87' lang='lat'>1,</span> <span class='ocrx_word' id='word_1_132' title='bbox 341 2212 377 2262; x_wconf 84' lang='grc'>38</span> <span class='ocrx_word' id='word_1_133' title='bbox 382 2249 390 2274; x_wconf 84' lang='lat'>,</span> <span class='ocrx_word' id='word_1_134' title='bbox 411 2213 426 2262; x_wconf 89' lang='lat'><em>1</em></span> <span class='ocrx_word' id='word_1_135' title='bbox 444 2234 511 2270; x_wconf 85' lang='lat' dir='ltr'>prosa</span> <span class='ocrx_word' id='word_1_136' title='bbox 528 2226 606 2268; x_wconf 73' lang='lat' dir='ltr'>est-</span> <span class='ocrx_word' id='word_1_137' title='bbox 624 2223 774 2271; x_wconf 82' lang='lat' dir='ltr'>producendo.</span> <span class='ocrx_word' id='word_1_138' title='bbox 818 2209 868 2263; x_wconf 72' lang='lat' dir='ltr'>alii</span> <span class='ocrx_word' id='word_1_139' title='bbox 885 2226 998 2278; x_wconf 72' lang='lat' dir='ltr'>prosam</span> <span class='ocrx_word' id='word_1_140' title='bbox 1017 2209 1097 2264; x_wconf 72' lang='lat' dir='ltr'>aiunb</span> 
     </span>
     <span class='ocr_line' id='line_1_22' title="bbox 77 2278 1096 2350; baseline 0.005 -19"><span class='ocrx_word' id='word_1_141' title='bbox 77 2278 183 2332; x_wconf 90' lang='lat' dir='ltr'>dictam</span> <span class='ocrx_word' id='word_1_142' title='bbox 210 2279 246 2331; x_wconf 91' lang='lat' dir='ltr'>ab</span> <span class='ocrx_word' id='word_1_143' title='bbox 272 2294 315 2344; x_wconf 89' lang='lat' dir='ltr'>eo,</span> <span class='ocrx_word' id='word_1_144' title='bbox 343 2279 419 2346; x_wconf 91' lang='lat' dir='ltr'>quod</span> <span class='ocrx_word' id='word_1_145' title='bbox 445 2278 482 2332; x_wconf 91' lang='lat' dir='ltr'>sit</span> <span class='ocrx_word' id='word_1_146' title='bbox 506 2280 633 2348; x_wconf 86' lang='lat' dir='ltr'>profusa,</span> <span class='ocrx_word' id='word_1_147' title='bbox 660 2280 704 2334; x_wconf 85' lang='lat' dir='ltr'>vel</span> <span class='ocrx_word' id='word_1_148' title='bbox 729 2281 764 2334; x_wconf 92' lang='lat' dir='ltr'>ab</span> <span class='ocrx_word' id='word_1_149' title='bbox 791 2298 823 2334; x_wconf 88' lang='lat' dir='ltr'>eo</span> <span class='ocrx_word' id='word_1_150' title='bbox 846 2282 922 2349; x_wconf 89' lang='lat' dir='ltr'>quod</span> <span class='ocrx_word' id='word_1_151' title='bbox 945 2281 1096 2350; x_wconf 81' lang='lat' dir='ltr'>spatiosius</span> 
     </span>
     <span class='ocr_line' id='line_1_23' title="bbox 76 2350 1096 2421; baseline 0.006 -19"><span class='ocrx_word' id='word_1_152' title='bbox 76 2351 193 2419; x_wconf 84' lang='lat' dir='ltr'>proruat</span> <span class='ocrx_word' id='word_1_153' title='bbox 217 2351 245 2402; x_wconf 88' lang='lat' dir='ltr'>et</span> <span class='ocrx_word' id='word_1_154' title='bbox 269 2352 397 2404; x_wconf 84' lang='lat' dir='ltr'>excurrat</span> <span class='ocrx_word' id='word_1_155' title='bbox 420 2350 497 2405; x_wconf 92' lang='lat' dir='ltr'>nullo</span> <span class='ocrx_word' id='word_1_156' title='bbox 521 2351 576 2405; x_wconf 89' lang='lat' dir='ltr'>sibi</span> <span class='ocrx_word' id='word_1_157' title='bbox 601 2352 721 2405; x_wconf 86' lang='lat' dir='ltr'>termino</span> <span class='ocrx_word' id='word_1_158' title='bbox 744 2352 899 2421; x_wconf 84' lang='lat' dir='ltr'>praefinito.</span> <span class='ocrx_word' id='word_1_159' title='bbox 936 2371 1052 2416; x_wconf 69' lang='lat' dir='ltr'>praeterea</span> <span class='ocrx_word' id='word_1_160' title='bbox 1069 2386 1096 2393; x_wconf 88' lang='lat'><em>-</em></span> 
     </span>
     <span class='ocr_line' id='line_1_24' title="bbox 76 2421 1095 2489; baseline 0.001 -13"><span class='ocrx_word' id='word_1_161' title='bbox 76 2436 245 2476; x_wconf 71' lang='lat' dir='ltr'>contenderunt.</span> <span class='ocrx_word' id='word_1_162' title='bbox 264 2423 299 2488; x_wconf 79' lang='lat' dir='ltr'>cf.</span> <span class='ocrx_word' id='word_1_163' title='bbox 316 2421 400 2477; x_wconf 81' lang='lat' dir='ltr'>OGL</span> <span class='ocrx_word' id='word_1_164' title='bbox 426 2423 453 2476; x_wconf 88' lang='lat' dir='ltr'><strong><em>V</em></strong></span> <span class='ocrx_word' id='word_1_165' title='bbox 467 2426 529 2489; x_wconf 86' lang='lat'>576,</span> <span class='ocrx_word' id='word_1_166' title='bbox 545 2427 590 2477; x_wconf 82' lang='lat'>62.</span> <span class='ocrx_word' id='word_1_167' title='bbox 614 2424 770 2478; x_wconf 78' lang='lat' dir='ltr'>Wilmanras</span> <span class='ocrx_word' id='word_1_168' title='bbox 789 2425 867 2480; x_wconf 79' lang='lat' dir='ltr'>labris</span> <span class='ocrx_word' id='word_1_169' title='bbox 886 2425 929 2479; x_wconf 87' lang='lat' dir='ltr'>Dc</span> <span class='ocrx_word' id='word_1_170' title='bbox 943 2441 1018 2479; x_wconf 76' lang='lat' dir='ltr'>eorm.</span> <span class='ocrx_word' id='word_1_171' title='bbox 1031 2424 1095 2479; x_wconf 85' lang='lat' dir='ltr'>Lot.</span> 
     </span>
     <span class='ocr_line' id='line_1_25' title="bbox 76 2493 182 2548; baseline 0.009 -2"><span class='ocrx_word' id='word_1_172' title='bbox 76 2493 182 2548; x_wconf 66' lang='lat' dir='ltr'>erubuit.</span> 
     </span>
    </p>
   </div>
   <div class='ocr_carea' id='block_1_9' title="bbox 76 2583 1096 2740">
    <p class='ocr_par' dir='ltr' id='par_1_9' title="bbox 76 2583 1096 2740">
     <span class='ocr_line' id='line_1_26' title="bbox 149 2583 1096 2668; baseline 0.004 -16"><span class='ocrx_word' id='word_1_173' title='bbox 149 2605 166 2652; x_wconf 77' lang='lat'>4</span> <span class='ocrx_word' id='word_1_174' title='bbox 189 2599 323 2668; x_wconf 83' lang='lat' dir='ltr'>perplexa</span> <span class='ocrx_word' id='word_1_175' title='bbox 345 2601 430 2654; x_wconf 78' lang='lat' dir='ltr'>Baro.</span> <span class='ocrx_word' id='word_1_176' title='bbox 450 2603 486 2653; x_wconf 88' lang='lat'>95</span> <span class='ocrx_word' id='word_1_177' title='bbox 509 2583 643 2668; x_wconf 70' lang='lat' dir='ltr'>perllexa</span> <span class='ocrx_word' id='word_1_178' title='bbox 668 2601 752 2656; x_wconf 82' lang='lat' dir='ltr'>Bam.</span> <span class='ocrx_word' id='word_1_179' title='bbox 772 2606 809 2657; x_wconf 88' lang='grc'>36</span> <span class='ocrx_word' id='word_1_180' title='bbox 917 2607 933 2655; x_wconf 85' lang='grc'><strong>9</strong></span> <span class='ocrx_word' id='word_1_181' title='bbox 959 2602 1096 2657; x_wconf 82' lang='lat' dir='ltr'>ferecides</span> 
     </span>
     <span class='ocr_line' id='line_1_27' title="bbox 76 2669 894 2740; baseline 0.004 -15"><span class='ocrx_word' id='word_1_182' title='bbox 76 2673 141 2739; x_wconf 82' lang='lat' dir='ltr'>fort.</span> <span class='ocrx_word' id='word_1_183' title='bbox 162 2669 257 2740; x_wconf 84' lang='lat' dir='ltr'>Syrius</span> <span class='ocrx_word' id='word_1_184' title='bbox 350 2676 383 2724; x_wconf 91' lang='lat'>10</span> <span class='ocrx_word' id='word_1_185' title='bbox 402 2670 509 2740; x_wconf 91' lang='lat' dir='ltr'>pirrum</span> <span class='ocrx_word' id='word_1_186' title='bbox 600 2677 632 2724; x_wconf 94' lang='lat'>11</span> <span class='ocrx_word' id='word_1_187' title='bbox 653 2670 717 2725; x_wconf 87' lang='lat' dir='ltr'>exin</span> <span class='ocrx_word' id='word_1_188' title='bbox 737 2673 894 2728; x_wconf 75' lang='lat' dir='ltr'>Walmarma</span> 
     </span>
    </p>
   </div>
   <div class='ocr_carea' id='block_1_10' title="bbox 551 2807 615 2864">
    <p class='ocr_par' dir='ltr' id='par_1_10' title="bbox 551 2807 615 2864">
     <span class='ocr_line' id='line_1_28' title="bbox 551 2807 615 2864; baseline 0 -1"><span class='ocrx_word' id='word_1_189' title='bbox 551 2807 615 2864; x_wconf 84' lang='lat'>320</span> 
     </span>
    </p>
   </div>
   <div class='ocr_carea' id='block_1_11' title="bbox 76 2913 1121 3438">
    <p class='ocr_par' dir='ltr' id='par_1_11' title="bbox 76 2913 1121 3438">
     <span class='ocr_line' id='line_1_29' title="bbox 146 2913 1096 2989; baseline 0.005 -20"><span class='ocrx_word' id='word_1_190' title='bbox 146 2914 344 2989; x_wconf 80' lang='lat' dir='ltr'>grammatica</span> <span class='ocrx_word' id='word_1_191' title='bbox 371 2913 484 2972; x_wconf 90' lang='lat' dir='ltr'>Romae</span> <span class='ocrx_word' id='word_1_192' title='bbox 513 2932 550 2971; x_wconf 86' lang='lat' dir='ltr'>ne</span> <span class='ocrx_word' id='word_1_193' title='bbox 578 2913 610 2970; x_wconf 91' lang='lat' dir='ltr'>in</span> <span class='ocrx_word' id='word_1_194' title='bbox 639 2931 695 2972; x_wconf 90' lang='lat' dir='ltr'>usu</span> <span class='ocrx_word' id='word_1_195' title='bbox 723 2913 843 2989; x_wconf 92' lang='lat' dir='ltr'>quidem</span> <span class='ocrx_word' id='word_1_196' title='bbox 872 2915 957 2989; x_wconf 86' lang='lat' dir='ltr'>olim,</span> <span class='ocrx_word' id='word_1_197' title='bbox 987 2914 1096 2974; x_wconf 87' lang='lat' dir='ltr'>nedum</span> 
     </span>
     <span class='ocr_line' id='line_1_30' title="bbox 78 3000 1096 3076; baseline 0.005 -17"><span class='ocrx_word' id='word_1_198' title='bbox 78 3000 110 3059; x_wconf 92' lang='lat' dir='ltr'>in</span> <span class='ocrx_word' id='word_1_199' title='bbox 134 3001 247 3060; x_wconf 86' lang='lat' dir='ltr'>honore</span> <span class='ocrx_word' id='word_1_200' title='bbox 270 3002 332 3060; x_wconf 95' lang='lat' dir='ltr'>ullo</span> <span class='ocrx_word' id='word_1_201' title='bbox 357 3005 434 3076; x_wconf 88' lang='lat' dir='ltr'>erat,</span> <span class='ocrx_word' id='word_1_202' title='bbox 464 3002 532 3060; x_wconf 88' lang='lat' dir='ltr'>rudi</span> <span class='ocrx_word' id='word_1_203' title='bbox 559 3002 673 3062; x_wconf 87' lang='lat' dir='ltr'>scilicet</span> <span class='ocrx_word' id='word_1_204' title='bbox 696 3021 730 3062; x_wconf 91' lang='lat' dir='ltr'>ac</span> <span class='ocrx_word' id='word_1_205' title='bbox 752 3003 894 3064; x_wconf 86' lang='lat' dir='ltr'>bellicosa</span> <span class='ocrx_word' id='word_1_206' title='bbox 917 3005 1008 3063; x_wconf 88' lang='lat' dir='ltr'>etiam</span> <span class='ocrx_word' id='word_1_207' title='bbox 1030 3006 1096 3064; x_wconf 83' lang='lat' dir='ltr'>tum</span> 
     </span>
     <span class='ocr_line' id='line_1_31' title="bbox 79 3090 1093 3170; baseline 0.002 -20"><span class='ocrx_word' id='word_1_208' title='bbox 79 3090 204 3150; x_wconf 84' lang='lat' dir='ltr'>civitate</span> <span class='ocrx_word' id='word_1_209' title='bbox 227 3091 352 3150; x_wconf 86' lang='lat' dir='ltr'>necdum</span> <span class='ocrx_word' id='word_1_210' title='bbox 375 3110 554 3170; x_wconf 81' lang='lat' dir='ltr'>magnopere</span> <span class='ocrx_word' id='word_1_211' title='bbox 577 3091 750 3152; x_wconf 86' lang='lat' dir='ltr'>liberalibus</span> <span class='ocrx_word' id='word_1_212' title='bbox 773 3093 939 3169; x_wconf 89' lang='lat' dir='ltr'>disciplinis</span> <span class='ocrx_word' id='word_1_213' title='bbox 961 3097 1093 3153; x_wconf 87' lang='lat' dir='ltr'>vacante.</span> 
     </span>
     <span class='ocr_line' id='line_1_32' title="bbox 76 3179 1094 3260; baseline 0.006 -22"><span class='ocrx_word' id='word_1_214' title='bbox 76 3179 200 3238; x_wconf 91' lang='lat' dir='ltr'>initium</span> <span class='ocrx_word' id='word_1_215' title='bbox 224 3199 341 3255; x_wconf 89' lang='lat' dir='ltr'>quoque</span> <span class='ocrx_word' id='word_1_216' title='bbox 365 3183 427 3240; x_wconf 87' lang='lat' dir='ltr'>eius</span> <span class='ocrx_word' id='word_1_217' title='bbox 451 3181 598 3240; x_wconf 88' lang='lat' dir='ltr'>mediocre</span> <span class='ocrx_word' id='word_1_218' title='bbox 621 3183 730 3255; x_wconf 85' lang='lat' dir='ltr'>extitit,</span> <span class='ocrx_word' id='word_1_219' title='bbox 758 3184 784 3241; x_wconf 90' lang='lat' dir='ltr'>si</span> <span class='ocrx_word' id='word_1_220' title='bbox 807 3183 927 3258; x_wconf 92' lang='lat' dir='ltr'>quidem</span> <span class='ocrx_word' id='word_1_221' title='bbox 951 3185 1094 3260; x_wconf 89' lang='lat' dir='ltr'>antiquis·</span> 
     </span>
     <span class='ocr_line' id='line_1_33' title="bbox 76 3268 1121 3349; baseline 0.003 -19"><span class='ocrx_word' id='word_1_222' title='bbox 76 3270 148 3330; x_wconf 81' lang='lat' dir='ltr'>simi</span> <span class='ocrx_word' id='word_1_223' title='bbox 175 3268 341 3344; x_wconf 85' lang='lat' dir='ltr'>doctorum,</span> <span class='ocrx_word' id='word_1_224' title='bbox 374 3272 426 3345; x_wconf 92' lang='lat' dir='ltr'>qui</span> <span class='ocrx_word' id='word_1_225' title='bbox 452 3270 530 3329; x_wconf 92' lang='lat' dir='ltr'>idem</span> <span class='ocrx_word' id='word_1_226' title='bbox 559 3273 588 3328; x_wconf 92' lang='lat' dir='ltr'>et</span> <span class='ocrx_word' id='word_1_227' title='bbox 615 3274 721 3346; x_wconf 91' lang='lat' dir='ltr'>poetae</span> <span class='ocrx_word' id='word_1_228' title='bbox 750 3275 780 3330; x_wconf 88' lang='lat' dir='ltr'>et</span> <span class='ocrx_word' id='word_1_229' title='bbox 807 3273 982 3349; x_wconf 83' lang='lat' dir='ltr'>semigraeci</span> <span class='ocrx_word' id='word_1_230' title='bbox 1009 3275 1121 3333; x_wconf 81' lang='lat' dir='ltr'>arants</span> 
     </span>
     <span class='ocr_line' id='line_1_34' title="bbox 77 3352 1094 3438; baseline 0.004 -22"><span class='ocrx_word' id='word_1_231' title='bbox 77 3352 213 3437; x_wconf 85' lang='lat' dir='ltr'>(Livium</span> <span class='ocrx_word' id='word_1_232' title='bbox 237 3361 267 3417; x_wconf 89' lang='lat' dir='ltr'>et</span> <span class='ocrx_word' id='word_1_233' title='bbox 287 3359 416 3417; x_wconf 83' lang='lat' dir='ltr'>Ennium</span> <span class='ocrx_word' id='word_1_234' title='bbox 434 3360 509 3432; x_wconf 90' lang='lat' dir='ltr'>dico,</span> <span class='ocrx_word' id='word_1_235' title='bbox 533 3378 607 3436; x_wconf 88' lang='lat' dir='ltr'>quos</span> <span class='ocrx_word' id='word_1_236' title='bbox 630 3364 757 3436; x_wconf 85' lang='lat' dir='ltr'>utraque</span> <span class='ocrx_word' id='word_1_237' title='bbox 780 3360 885 3438; x_wconf 81' lang='lat' dir='ltr'>lingua</span> <span class='ocrx_word' id='word_1_238' title='bbox 906 3361 986 3420; x_wconf 90' lang='lat' dir='ltr'>domi</span> <span class='ocrx_word' id='word_1_239' title='bbox 1009 3363 1094 3421; x_wconf 87' lang='lat' dir='ltr'>foris-</span> 
     </span>
    </p>
   </div>
   <div class='ocr_carea' id='block_1_12' title="bbox 75 3440 1105 3617">
    <p class='ocr_par' dir='ltr' id='par_1_12' title="bbox 75 3440 1105 3617">
     <span class='ocr_line' id='line_1_35' title="bbox 76 3440 1094 3529; baseline 0.004 -24"><span class='ocrx_word' id='word_1_240' title='bbox 76 3467 136 3524; x_wconf 88' lang='lat' dir='ltr'>que</span> <span class='ocrx_word' id='word_1_241' title='bbox 159 3447 294 3507; x_wconf 89' lang='lat' dir='ltr'>docuisse</span> <span class='ocrx_word' id='word_1_242' title='bbox 317 3448 493 3507; x_wconf 88' lang='lat' dir='ltr'>adnotatum</span> <span class='ocrx_word' id='word_1_243' title='bbox 517 3440 576 3529; x_wconf 87' lang='lat' dir='ltr'>est)</span> <span class='ocrx_word' id='word_1_244' title='bbox 602 3449 679 3507; x_wconf 89' lang='lat' dir='ltr'>nihil</span> <span class='ocrx_word' id='word_1_245' title='bbox 702 3450 829 3525; x_wconf 89' lang='lat' dir='ltr'>amplius</span> <span class='ocrx_word' id='word_1_246' title='bbox 854 3469 944 3526; x_wconf 91' lang='lat' dir='ltr'>quam</span> <span class='ocrx_word' id='word_1_247' title='bbox 967 3449 1094 3509; x_wconf 85' lang='lat' dir='ltr'>Graecos</span> 
     </span>
     <span class='ocr_line' id='line_1_36' title="bbox 75 3537 1105 3617; baseline -0.002 -21"><span class='ocrx_word' id='word_1_248' title='bbox 75 3537 359 3612; x_wconf 83' lang='lat' dir='ltr'>interpretabantur,</span> <span class='ocrx_word' id='word_1_249' title='bbox 397 3541 450 3596; x_wconf 90' lang='lat' dir='ltr'>aut</span> <span class='ocrx_word' id='word_1_250' title='bbox 481 3539 507 3598; x_wconf 90' lang='lat' dir='ltr'>si</span> <span class='ocrx_word' id='word_1_251' title='bbox 540 3538 611 3615; x_wconf 92' lang='lat' dir='ltr'>quid</span> <span class='ocrx_word' id='word_1_252' title='bbox 643 3538 702 3617; x_wconf 86' lang='lat' dir='ltr'>ipsi</span> <span class='ocrx_word' id='word_1_253' title='bbox 735 3539 830 3599; x_wconf 81' lang='lat' dir='ltr'>latine</span> <span class='ocrx_word' id='word_1_254' title='bbox 861 3541 1105 3616; x_wconf 67' lang='lat' dir='ltr'>composuissent</span> 
     </span>
    </p>
   </div>
   <div class='ocr_carea' id='block_1_13' title="bbox 0 0 1204 3824">
    <p class='ocr_par' dir='ltr' id='par_1_13' title="bbox 0 0 1204 3824">
     <span class='ocr_line' id='line_1_37' title="bbox 0 0 1204 3824; baseline 0 2"><span class='ocrx_word' id='word_1_255' title='bbox 0 0 1204 3824; x_wconf 95' lang='lat' dir='ltr'> </span> 
     </span>
    </p>
   </div>
  </div>
 </body>
</html>
