2400 3824
417 181 453 233 M.
473 181 587 234 Verrius
606 181 721 236 Flaccus
1011 186 1076 248 513

56 350 245 409 tribunum
281 351 440 408 militurn
479 350 524 408 ad
560 350 707 408 Alliam
744 351 915 410 adversus
952 351 1076 412 Gallos

56 442 299 516 pugnaturum
320 459 391 497 rem
406 439 566 497 divinam
586 440 782 498 dimicandi
801 443 922 517 gratia
939 444 1075 517 postri-

57 529 115 586 die
145 528 225 586 idus
256 529 402 602 fecisse,
434 531 509 586 tum
539 529 735 587 exercitum
767 530 894 605 populi
925 531 1075 590 Romani
1103 541 1115 582 ⁶

57 617 245 677 occidione
274 619 428 676 occisum
453 620 487 675 et
510 620 591 693 post
615 618 706 675 diem
730 619 879 677 tertium
903 619 979 678 eius
1003 621 1076 679 diei

56 707 179 765 urbem
193 709 337 782 praeter
353 705 577 782 Capitolium
592 710 733 781 captam
748 725 838 782 esse,
857 710 1076 783 complures·

58 815 125 872 que
150 796 218 853 alii
246 798 434 855 senatores
461 795 646 855 recordari
669 815 745 855 sese
774 796 959 872 dixerunt,
990 818 1075 874 quo·

56 887 153 944 tiens
184 885 275 943 belli
307 884 454 962 gerendi
491 885 611 962 gratia
643 904 698 943 res
732 885 857 945 divina
893 887 1075 962 postridie

56 974 233 1032 kalendas
256 991 367 1031 nonas
390 973 470 1032 idus
495 992 512 1031 a
536 976 755 1051 magistratu
778 976 906 1050 populi
923 976 1075 1034 Romani
1091 985 1116 1025 1⁰

57 1064 158 1122 facta
186 1065 295 1136 esset,
326 1063 401 1122 eius
429 1062 520 1120 belli
547 1064 707 1138 proximo
736 1063 904 1140 deinceps
933 1065 1075 1140 proelio

56 1172 130 1210 11111
163 1152 344 1228 publicam
381 1152 472 1210 male
505 1155 644 1228 gestam
678 1171 762 1212 esse.
817 1157 891 1211 tum
929 1156 1075 1213 senatus

58 1260 132 1299 earn
151 1261 223 1299 rem
243 1242 284 1299 ad
304 1241 501 1318 pontifices
520 1243 662 1315 reiecit,
681 1245 720 1300 ut
738 1243 810 1317 ipsi
826 1243 917 1317 quod
936 1243 1075 1302 videre-

56 1333 116 1388 tur
136 1333 343 1390 statuerent.
385 1330 584 1406 pontifices
603 1329 840 1390 decreverunt
862 1331 1000 1390 nullum
1019 1333 1075 1392 his

58 1419 185 1478 diebus
209 1421 434 1479 sacrificium
456 1423 553 1478 recte
576 1421 747 1479 futurum.
1091 1425 1115 1467 1⁶

132 1536 292 1602 1111117
310 1535 424 1589 Verrius
444 1535 560 1589 Flaccus
579 1536 607 1588 in
627 1537 728 1603 quarto
748 1535 783 1590 de
802 1536 948 1591 verborum
968 1537 1075 1606 signifi-

57 1609 124 1667 catu
143 1607 212 1671 dies,
231 1606 280 1675 qui
300 1609 365 1660 sunt
382 1605 519 1674 postridie
533 1605 669 1660 kalendas
688 1624 775 1661 nonas
794 1607 867 1674 idus,
886 1625 955 1676 quos
974 1608 1075 1680 vulgus

56 1679 188 1747 imperite
207 1677 331 1732 nefastos
351 1678 429 1744 dicit,
448 1680 563 1746 propter
581 1678 654 1732 hanc
674 1695 787 1732 causam
802 1679 892 1733 dictos
907 1679 1075 1748 habitosque

57 1752 134 1803 atros
154 1766 214 1803 esse
233 1749 338 1803 scribit.
366 1765 421 1803 urbe
435 1749 529 1816 inquit
543 1774 557 1802 1
572 1762 642 1804 anns
655 1781 682 1788 -
695 1764 801 1804 summm.
834 1753 899 1804 ante
918 1751 993 1804 diem
1007 1769 1075 1818 quc-

56 1837 113 1890 que
141 1823 272 1889 quartum
297 1820 433 1874 kalendas
459 1820 503 1875 vel
526 1837 614 1874 nonas
640 1820 684 1873 vel
711 1820 775 1874 idus
802 1823 947 1889 tamquam
974 1823 1074 1876 inomi-

55 1891 152 1946 nalem
171 1893 246 1945 diem
264 1891 391 1961 plerique
410 1891 509 1945 vitant.
539 1892 598 1946 eius
618 1891 821 1946 observationis
841 1909 877 1945 an
895 1893 996 1962 religio
1014 1893 1074 1947 nlla

57 1964 96 2018 sit
123 1964 242 2031 tradita,
272 1963 370 2032 quaeri
398 1963 477 2016 solet.
515 1965 597 2018 istius
622 1965 726 2034 ploscac
754 1967 869 2034 11111911
897 1965 973 2034 opud
1000 1965 1073 2019 Fert.

55 2053 82 2105 p.
99 2039 181 2101 178a,
193 2040 211 2089 6
225 2041 327 2089 extant.
352 2035 426 2088 11111
440 2034 474 2100 cf.
492 2035 579 2089 Varro
594 2035 626 2088 dc
640 2035 794 2100 111111.
826 2035 903 2090 Ovid.
918 2038 1073 2102 1111157.

55 2108 119 2161 Lio.
138 2111 202 2172 ar,
218 2111 261 2161 11.
289 2107 363 2159 Plot.
380 2107 591 2174 1111111125.
619 2107 699 2160 Fusa
715 2108 815 2161 Proca.
833 2107 906 2161 CIL
916 2109 936 2160 1
941 2105 951 2137 ¹
965 2125 995 2176 p.
1010 2111 1073 2161 231.

56 2179 129 2234 Suet.
154 2180 210 2232 rell.
231 2196 261 2246 p.
279 2182 330 2232 155
349 2178 383 2232 R.
416 2178 605 2243 (1111115.
639 2178 713 2231 Noa.
729 2194 759 2246 p.
776 2182 819 2244 73,
835 2182 878 2232 30.
908 2178 1032 2233 Macrob.
1049 2183 1074 2245 1,

130 2379 144 2425 2
168 2373 307 2441 Aquinius
332 2374 456 2428 Macrob.
561 2375 579 2441 (1
604 2374 775 2443 Lupd-Bat.
797 2374 883 2427 Votic.
907 2389 961 2442 que
981 2374 1073 2428 Poris.

56 2452 157 2499 tcum
176 2447 267 2499 Paris.
293 2446 380 2499 Vatis.
490 2445 612 2498 exercitu
638 2446 722 2499 Votic.
833 2449 866 2498 10
890 2448 998 2514 11111ζΙ
1018 2446 1075 2510 fere

56 2519 149 2572 Paris.
176 2518 261 2571 Vatia.
291 2531 372 2569 ama
392 2515 442 2569 Gi.
462 2515 633 2586 Lapd-Bat.

554 2724 573 2778 4

125 2864 143 2921 l.
163 2863 221 2922 IV.
267 2863 424 2922 historiam
463 2862 499 2921 ab
537 2862 694 2921 annalibus
732 2863 853 2937 quidam
891 2861 1007 2920 differre
1040 2880 1073 2920 ec

55 2956 174 3029 putant,
199 2951 288 3028 quod,
313 2971 380 3010 cum
398 2955 559 3027 utrumque
579 2954 618 3010 sit
638 2954 909 3028 rerumgestarum
931 2952 1073 3026 narratio,

57 3061 159 3101 earum
190 3044 291 3101 tamen
323 3043 443 3116 proprie
475 3061 573 3099 rerum
604 3041 643 3099 sit
674 3041 814 3115 historia,
846 3040 953 3115 quibus
986 3040 1073 3098 rebus

56 3130 195 3209 gerendis
218 3130 389 3188 interfuerit
411 3131 436 3188 is
461 3131 513 3206 qui
536 3133 645 3203 narret,
669 3149 792 3205 eamque
816 3148 879 3189 esse
903 3129 1073 3203 opinionem

57 3219 245 3296 quorundam
268 3220 390 3277 Verrius
414 3219 537 3278 Flaccus
565 3220 656 3277 refert
683 3221 715 3276 in
738 3218 815 3276 libro
839 3219 875 3276 de
903 3217 1072 3295 significatu
1102 3236 1114 3277 s

55 3309 215 3370 verborum
248 3310 363 3384 quarte.
411 3327 445 3366 ac
475 3328 504 3367 se
538 3307 657 3384 quidem
690 3307 827 3366 dubitare
859 3325 947 3382 super
977 3326 1012 3364 11
1042 3326 1073 3364 11

56 3399 140 3474 dicit,
164 3415 249 3473 posse
274 3400 374 3456 autem
397 3398 493 3456 videri
516 3400 603 3473 putat
627 3397 784 3455 nonnihil
808 3395 1017 3455 esserationis
1042 3397 1073 3453 in

55 3507 92 3547 ea
116 3489 265 3562 opinione,
296 3487 375 3562 quod
403 3486 516 3567 ἵστορία
543 3505 647 3563 graece
676 3485 824 3564 significet
851 3505 950 3544 rerum
973 3485 1073 3561 cogni·

54 3579 170 3637 tionem
199 3576 409 3652 praesentium.
437 3609 475 3617 -
505 3577 550 3633 ita
579 3576 719 3635 historias
751 3573 871 3651 quidem
898 3590 960 3632 esse
988 3575 1075 3630 aiunt

108 3685 273 3725 Grammaticus
285 3685 404 3725 Romanae
418 3685 550 3736 fragmenta
571 3685 607 3728 ed.
620 3687 752 3728 Furiarum
836 3677 875 3726 ab
