2400 3824
112 172 154 240 56
293 175 499 228 Grammaticae
519 176 769 228 antevarrouianae
788 173 948 244 fragmenta

182 323 261 404 {Z
284 338 362 388 recta
388 337 416 388 et
443 351 542 389 aversa
568 351 686 403 superne
713 333 842 389 obelatae
869 335 1014 402 ponuntur
1033 337 1052 400 †
1072 351 1134 387 cum

111 407 210 460 eadem
229 406 389 476 significant
408 405 584 474 similemque
604 409 766 474 sequentem
785 421 853 460 esse.

183 495 208 570 >i
232 503 277 557 chi
296 507 325 559 et
348 521 386 558 ro.
424 504 495 557 haec
519 503 579 558 sola
602 505 672 575 [vix]
692 504 728 558 ad
746 503 920 558 voluntatem
938 503 1024 557 unius
1044 502 1135 557 cuius-

112 610 166 661 que
185 593 222 646 ad
241 593 349 660 aliquid
369 592 561 647 adnotandum
579 593 701 662 ponitur.

72 725 97 764 70
183 668 303 760 <fidet
321 709 359 745 ro.
397 691 467 745 haec
487 693 673 759 apponuntur,
697 691 827 759 quotiens
845 691 890 744 vel
908 690 1071 745 emendatio
1091 689 1133 743 vel

112 799 209 836 sensus
229 798 324 835 versus
344 780 493 835 sollicitius
513 783 555 834 est
574 781 773 848 inspiciendus.

182 880 200 894 ⁶
220 896 322 933 ancora
342 879 468 947 superior
487 878 523 931 ad
543 878 659 945 aliquod
677 879 828 948 praecipue
848 879 906 932 dict
956 920 962 932 .

183 994 321 1101 vatncora
347 976 462 1030 inferior
490 976 526 1029 ad
556 976 690 1031 humilius
720 976 765 1030 vel
792 976 1037 1031 inconvenientius
1066 976 1134 1044 quid

113 1048 229 1103 enuntia
293 1091 297 1100 .

183 1139 251 1192 satis
269 1138 372 1191 siusilia
391 1137 478 1192 tradit
496 1137 623 1192 Isidorus
641 1155 679 1192 or.
696 1142 720 1203 1,
733 1141 780 1203 21,
799 1137 831 1191 de
849 1138 929 1192 euius
946 1139 1055 1192 ratione
1073 1154 1136 1191 cum

113 1211 245 1277 scriptore
259 1210 394 1263 Auecdoti
407 1210 500 1263 Paris.
529 1210 572 1262 od.
592 1209 707 1276 Traube,
721 1209 803 1262 Areb.
818 1209 840 1274 f.
856 1210 976 1279 Steuopr.
991 1212 1027 1263 53
1042 1210 1136 1277 (1901)

108 1284 211 1350 5194.
232 1281 265 1346 cf.
281 1282 363 1334 etiam
379 1281 453 1335 Gurt.
469 1280 532 1333 Nic.
547 1286 603 1334 test.
616 1283 640 1332 5.
662 1281 717 1335 Oic.
732 1281 770 1334 ad
784 1281 841 1334 Art.
852 1284 878 1346 8,
885 1284 912 1334 2.
935 1279 1028 1350 Quiut.
1040 1283 1134 1346 1‚r‚3.

114 1353 211 1417 Lebrs,
234 1353 267 1405 de
286 1353 372 1406 Arist.
391 1353 463 1406 stud.
501 1350 598 1405 Hom.¹
612 1370 641 1421 p.
658 1354 713 1404 332
722 1368 759 1420 sq.
784 1351 954 1420 (presseram
973 1351 1040 1404 adu.
1060 1353 1135 1420 240),

113 1424 146 1477 de
155 1424 341 1493 superioribus
354 1423 551 1494 yrammuticis,
566 1425 614 1490 qui
627 1424 689 1476 istis
702 1424 789 1493 siquis
804 1428 867 1476 aute
877 1423 999 1476 Probum
1010 1423 1057 1476 usi
1070 1429 1134 1476 suut

114 1495 154 1563 (id
173 1495 245 1562 quod
264 1496 372 1548 im'uria
390 1495 455 1547 buic
471 1494 592 1560 primum
611 1495 709 1548 tribuit
727 1493 820 1562 Steup,
839 1495 872 1548 ele
888 1493 969 1548 Prob.
981 1511 1011 1563 p.
1027 1497 1064 1548 53
1077 1495 1135 1561 sm),

113 1583 155 1620 res
174 1566 321 1619 admodum
339 1566 425 1619 dubia
444 1571 497 1631 est;
515 1582 565 1618 cur
583 1571 674 1619 tcmeu
692 1582 753 1619 cum
772 1566 863 1635 Berple
883 1567 935 1633 (op.
955 1569 979 1631 1,
990 1569 1055 1635 595)
1078 1581 1136 1619 555

114 1637 282 1692 couseutieus
308 1637 423 1691 uomiua
448 1637 554 1690 tradita
580 1637 708 1690 litardius
733 1637 903 1702 servaverim,
931 1636 974 1690 ud.
995 1636 1033 1691 ad
1056 1637 1134 1691 Eun.

113 1725 227 1778 55555..
243 1714 299 1762 test.
315 1714 340 1761 1.
369 1709 479 1761 Aelium
498 1714 590 1761 autem
608 1708 729 1761 uidemus
748 1711 778 1762 iu
798 1708 980 1762 describendis
998 1708 1086 1774 libris,
1104 1713 1136 1760 ut

113 1780 259 1834 uerisimile
282 1787 328 1845 eet,
355 1780 462 1834 Metelli
480 1779 626 1832 Numidici
651 1778 799 1847 (Scipionis
822 1785 968 1848 quoquest
989 1778 1138 1833 Titiieult

115 1851 225 1920 Lerseb)
248 1853 356 1905 rutioue
374 1852 498 1919 profecto
521 1852 715 1904 5555551555
741 1851 785 1920 (ef.
805 1851 943 1918 Lampad.
963 1855 1020 1905 test.
1041 1852 1070 1920 4)
1093 1865 1137 1904 oc·

114 1929 245 1990 cupatum
270 1923 364 1989 fuisse,
387 1927 420 1975 ut
437 1924 495 1975 eius
513 1938 610 1975 55555
633 1938 719 1990 supro
737 1924 849 1976 miuime
872 1922 1003 1976 dedeceat.
1041 1921 1138 1976 uideas

115 1995 197 2048 etiam
216 1996 274 2047 eius
291 1994 385 2047 studia
404 1993 541 2046 Plautina
560 2000 585 2046 et
603 1994 742 2047 Euuiaua
760 1995 792 2046 iu
809 1994 845 2059 fr.
865 1997 907 2046 44.
923 1998 967 2048 50.
983 1997 1026 2048 51.

187 2097 257 2148 5-ἰ-
276 2092 332 2144 coel.
425 2096 579 2159 bsuperne
598 2093 666 2145 Isid.
735 2079 818 2158 5-
837 2091 894 2144 coel.
988 2089 1137 2144 tobelata

116 2162 444 2232 55155555.
519 2163 641 2216 anchora
665 2164 706 2216 bis
724 2163 780 2216 cod.
891 2161 1031 2215 thennii
1054 2160 1137 2214 lucii:

116 2287 164 2322 em.
184 2270 276 2338 Berql·
330 2251 422 2322 varrds
441 2269 559 2322 hennius
583 2246 692 2322 liaelius
712 2284 831 2335 aequae:
857 2267 1049 2337 Vargunteius
1068 2269 1138 2322 Lae·

116 2339 171 2392 lius
185 2338 339 2392 Archelaus
357 2341 448 2409 Berpl·
463 2339 651 2409 Vargunteius
671 2340 777 2392 Ennius
791 2339 888 2393 Aelius
908 2355 997 2406 aeque
1016 2339 1137 2409 (Aelius-

117 2428 171 2477 que
198 2412 292 2480 Reiff.)
319 2413 405 2465 Hertz
431 2412 513 2477 Reiff.
540 2412 626 2465 Varro
655 2411 768 2464 Sinnius
795 2410 891 2465 Aelius
920 2427 1009 2478 aeque
1035 2413 1139 2466 Nauali

117 2483 270 2536 LMueller
350 2487 382 2534 13
402 2483 527 2536 eoml‘usa
542 2501 565 2536 a.
581 2483 676 2550 poeesi
759 2488 792 2534 14
811 2482 890 2549 quia:
911 2483 959 2549 qui
975 2499 1037 2535 eam
1052 2483 1135 2549 Reiff.

117 2553 293 2622 ordinassent
376 2559 408 2607 15
424 2553 518 2607 obelos
602 2559 633 2606 17
654 2556 686 2606 ut
704 2554 805 2607 addidi
840 2553 962 2607 debebat
1041 2559 1074 2606 20
1094 2555 1138 2606 in-

116 2624 248 2692 probaret
321 2631 355 2677 22
375 2627 403 2678 et
422 2626 481 2694 ult]
503 2625 552 2678 sed
571 2625 654 2691 Reiff.
728 2631 762 2677 24
782 2624 948 2678 aristofanes
1023 2630 1056 2678 29
1076 2628 1138 2678 ute·

116 2697 221 2748 bantur
271 2701 304 2748 32
320 2697 350 2749 in
360 2713 466 2750 conexu
476 2697 568 2750 Paris.
579 2697 663 2749 Isid:
678 2697 819 2750 emeudaci
869 2700 965 2750 32-33
980 2696 1110 2766 in-reg.
1122 2713 1140 2750 a

118 2767 181 2820 add.
197 2769 266 2821 Isid.
327 2772 360 2820 34
376 2767 499 2820 adversis
519 2784 540 2820 e.
557 2784 727 2834 separan-:
748 2785 795 2821 em.
811 2767 880 2821 Isid.
937 2772 970 2820 37
989 2783 1058 2835 prae
1077 2767 1139 2822 celo

119 2843 152 2890 39
172 2839 314 2904 permutat
387 2843 421 2890 40
440 2841 601 2905 utrumque:
617 2856 664 2892 em.
681 2839 763 2904 Reiff.
832 2843 866 2892 46
886 2838 916 2890 in
930 2837 975 2890 his
990 2840 1055 2892 add.
1072 2840 1140 2894 Kal

118 2914 152 2961 48
172 2909 202 2960 in
221 2909 265 2960 his
284 2910 381 2963 seclusi
459 2915 493 2961 54
512 2912 623 2962 tantum
642 2911 715 2964 Isid:
735 2916 772 2962 51
845 2915 877 2963 57
897 2909 928 2962 in
947 2926 994 2963 ore
1012 2911 1054 2982 p]
1072 2913 1138 2978 fort.

118 2979 306 3047 interponitur
361 2984 394 3032 58
409 2983 514 3035 noste.
561 2980 653 3052 frygie
708 2987 740 3033 62
756 2979 912 3050 tragaediis
968 2985 1001 3034 65
1017 2981 1140 3054 <obelus

119 3050 203 3122 eum>
224 3067 322 3103 aversa
344 3053 409 3104 Keil
464 3051 549 3105 strofa
623 3058 656 3105 66
675 3054 738 3118 fort.
757 3054 790 3104 ut
808 3053 957 3106 monadem
976 3053 1140 3122 significent

118 3123 152 3189 ef.
172 3123 240 3175 Isid.
258 3140 296 3176 or.
312 3127 337 3189 1,
352 3127 397 3189 20,
411 3128 449 3176 20
522 3129 555 3176 68
575 3123 612 3176 ad
630 3122 697 3194 vol]
717 3140 751 3176 ex
769 3123 822 3178 vol.
842 3124 910 3178 Isid.
986 3130 1019 3177 71
1041 3140 1140 3178 sensus

118 3194 222 3262 Berpkz
247 3194 306 3246 eius
398 3200 430 3246 72
450 3201 475 3248 et
495 3199 527 3247 73
547 3195 669 3248 anchora

189 3293 235 3345 22.
259 3293 335 3345 Aelii
357 3293 474 3360 reliquos
496 3300 580 3346 certos
608 3295 691 3346 libros
717 3293 761 3345 ud.
786 3295 817 3346 iu
843 3294 1015 3362 sraprueutis.
1053 3295 1142 3350 eidem

119 3370 213 3417 temere
237 3365 289 3416 alii
311 3364 409 3417 tributi
430 3370 507 3429 suut,
534 3366 743 3432 autiquitutium
767 3366 808 3432 (at
829 3364 864 3430 cf.
890 3364 943 3418 Cic.
969 3366 1049 3419 acad
1067 3374 1140 3436 post.

111 3438 179 3497 M
197 3435 229 3485 iu
248 3441 303 3488 test.
319 3436 367 3503 12)
394 3436 575 3490 bestoriarum
593 3437 740 3490 rhetoricae
766 3436 936 3505 <Nipperdey
954 3453 999 3504 op.
1018 3441 1072 3492 315
1082 3441 1143 3507 sq),

91 3508 595 3568 55555555555555551555555
619 3511 651 3564 iu
672 3510 807 3564 Plautum
830 3507 1028 3571 Praestabis,
1052 3527 1145 3574 quom-

78 3585 172 3634 9255
191 3576 344 3650 Stilonem,
373 3586 460 3640 cuius
484 3584 663 3656 temporibus
687 3583 786 3652 primu
805 3578 906 3632 Plauti
927 3574 1011 3628 editio
1027 3576 1110 3639 fosta
1126 3583 1165 3629 cst
