2400 3824
409 177 447 230 M.
466 176 613 231 Terentius
631 177 720 231 Varro
1009 179 1074 242 281
1178 220 1179 223 ¹

59 346 213 405 verborum
238 349 338 404 autem
361 346 415 404 illa
439 346 545 422 quibus
570 346 605 404 de
628 346 674 405 his
699 347 870 421 disputatur
901 338 985 427 (nam
1009 367 1076 406 oum

58 435 94 493 de
117 435 214 494 verbis
241 436 326 510 loqui
349 437 407 494 nisi
431 435 529 494 verbis
556 454 747 510 nequeamus,
776 439 806 494 et
829 455 896 494 oum
923 436 1075 512 loquimur
1103 453 1130 493 eo

58 543 117 582 non
140 525 199 584 nisi
217 523 253 581 de
277 524 427 599 aliquibus
450 523 537 583 rebus
560 517 736 605 loquimur),
760 526 888 584 occurrit
908 525 1008 583 animo
1032 528 1076 584 ita

58 632 121 672 esse
144 613 235 671 verba
263 613 349 691 signa
372 633 484 688 rerum,
514 615 617 671 utres
641 632 786 672 essenon
816 613 962 673 desinant.
1008 633 1076 673 oum

57 722 129 780 ergo
155 702 275 761 verbum
303 721 352 761 ore
375 702 522 778 procedit,
553 703 580 760 si
606 707 729 777 propter
756 721 787 762 se
814 703 950 778 procedit
976 702 1007 760 id
1031 706 1077 763 est

57 794 94 849 ut
121 791 157 850 de
184 792 250 867 ipso
277 791 368 850 verbo
400 790 515 867 aliquid
546 795 707 867 quaeretur
735 795 788 850 aut
817 792 997 867 disputetur,
1029 811 1076 850 res

58 883 104 939 est
131 883 234 955 utique
262 880 462 956 disputationi
492 880 720 956 quaestionique
751 880 899 956 subiecta,
931 881 984 940 sed
1010 882 1077 956 ipsa
1104 900 1130 941 es

58 988 105 1028 res
128 970 255 1028 verbum
277 972 408 1029 vocatur.
449 970 592 1045 quiequid
616 973 718 1028 autem
741 989 775 1028 ex
798 969 889 1029 verbo
912 989 972 1029 non
995 970 1076 1030 auris

57 1059 109 1117 sed
128 1060 244 1116 animus
268 1058 359 1117 sentit
378 1061 409 1117 et
431 1060 496 1135 ipso
515 1060 615 1117 animo
638 1061 758 1117 tenetur
776 1060 934 1133 inclusum,
957 1058 1077 1118 dicibile

57 1151 190 1208 vocatur.
237 1167 304 1206 oum
327 1167 397 1206 vero
422 1147 545 1206 verbum
572 1148 707 1222 procedit
734 1167 793 1206 non
820 1151 944 1225 propter
971 1167 1002 1207 se
1026 1147 1078 1207 sed

57 1241 181 1312 propter
210 1236 294 1295 aliud
323 1237 440 1312 aliquid
471 1237 706 1315 significandum,
729 1237 821 1296 dictio
851 1239 984 1297 vocatur.
1029 1257 1076 1296 res

58 1329 159 1384 autem
190 1327 257 1401 ipsa
288 1345 365 1401 quae
394 1328 456 1384 iam
485 1326 610 1384 verbum
640 1345 699 1384 non
730 1330 775 1385 est
804 1345 901 1402 neque
931 1326 1014 1386 verbi
1044 1328 1131 1387 in1oo

57 1418 156 1474 mente
180 1417 343 1491 ooneeptio‚
367 1416 429 1474 sive
447 1416 558 1474 habeat
575 1415 699 1474 verbum
719 1434 776 1490 quo
796 1415 960 1493 significari
982 1418 1077 1492 possit

58 1505 121 1563 sive
150 1523 209 1564 non
237 1505 359 1578 habeat,
391 1504 467 1563 nihil
495 1504 577 1562 aliud
605 1523 696 1579 quam
723 1523 770 1562 res
801 1508 926 1564 vooetur
954 1507 1077 1581 proprio

57 1593 119 1652 iam
142 1595 270 1652 nomine.
306 1594 380 1652 haec
403 1611 473 1671 ergo
494 1596 638 1669 quattuor
656 1593 799 1652 distinete
821 1596 989 1668 teneantur,
1012 1614 1077 1653 ver·

57 1682 130 1740 bum
148 1682 267 1741 dioibile
286 1683 379 1741 dictio
401 1701 456 1742 res.
495 1682 572 1758 quod
592 1682 655 1740 dixi
677 1683 809 1756 verbum,
832 1685 863 1742 et
885 1683 1009 1742 verbum
1032 1685 1078 1742 est

58 1774 89 1829 et
112 1772 234 1829 verbum
258 1771 416 1849 signifieat.
463 1772 543 1846 quod
566 1771 628 1829 dixi
651 1771 779 1844 dicibile,
809 1771 930 1830 verbum
955 1774 1001 1830 eet
1023 1791 1076 1832 nee
1091 1790 1131 1831 roe

57 1863 160 1919 tamen
178 1861 302 1919 verbum
322 1860 373 1920 sed
387 1861 466 1936 quod
485 1862 517 1918 in
531 1861 620 1919 verbo
639 1860 826 1938 intellegitur
840 1865 870 1919 et
889 1861 989 1920 animo
1009 1879 1076 1920 oon·

58 1950 173 2008 tinetur
201 1949 357 2027 significat.
404 1949 483 2024 quod
511 1949 572 2007 dixi
601 1949 770 2023 dictionem,
800 1950 923 2008 verbum
951 1953 997 2009 est
1025 1949 1078 2008 sed

59 2039 141 2115 quod
164 2038 225 2097 iam
244 2038 298 2097 illa
321 2039 380 2097 duo
404 2039 493 2097 simul
515 2039 547 2096 id
571 2042 616 2098 est
635 2039 665 2096 et
687 2041 786 2114 ipsum
806 2039 928 2098 verbum
948 2042 979 2097 et
998 2037 1078 2113 quod

56 2127 93 2186 fit
116 2130 147 2184 in
171 2129 271 2187 animo
294 2127 493 2202 perverbum
517 2127 674 2204 signifieat.
722 2128 802 2203 quod
825 2129 888 2186 dixi
909 2148 981 2201 rem,
1011 2147 1076 2186 ver-

56 2217 129 2274 bum
152 2219 197 2276 est
225 2217 302 2292 quod
331 2219 450 2292 praeter
473 2217 527 2275 illa
554 2218 614 2275 tria
638 2234 715 2292 quae
738 2217 819 2276 diota
842 2220 911 2276 sunt
934 2215 1077 2293 quioquid
1091 2236 1131 2276 no

57 2308 153 2365 restat
176 2305 333 2383 signifieat.
356 2339 393 2347 —
414 2305 506 2365 verba
528 2307 595 2382 ipsa
614 2308 763 2382 quispiam
783 2325 817 2364 ex
836 2325 871 2366 eo
889 2309 978 2382 putat
996 2307 1077 2366 diota

59 2394 139 2471 quod
169 2414 271 2453 aurern
300 2397 388 2470 quasi
417 2395 588 2470 verberent3
620 2397 725 2469 immo,
754 2397 856 2472 inquit
879 2395 967 2469 alius,
997 2395 1077 2471 quod

58 2503 165 2543 aerem.
203 2484 253 2543 sed
277 2483 350 2560 quid
378 2482 503 2543 nostra?
538 2502 597 2542 non
625 2503 735 2562 magna
760 2484 798 2543 lis
821 2487 875 2558 est,
902 2504 973 2543 nam
996 2487 1076 2542 uter-

58 2593 117 2649 que
142 2592 160 2630 a
182 2574 366 2632 verberando
388 2574 477 2632 huius
500 2573 640 2633 vocabuli
663 2573 808 2650 originem
831 2573 934 2632 trahit.
971 2573 1022 2631 sed
1041 2571 1077 2631 de

57 2665 229 2720 transverso
257 2664 364 2721 tertius
391 2662 460 2720 vide
488 2681 578 2736 quam
605 2663 701 2720 rixam
730 2662 856 2736 inferat3
890 2660 969 2736 quod
997 2663 1076 2720 enim
1091 2681 1130 2721 11⁶

57 2771 162 2810 verum
186 2770 248 2825 nos,
277 2751 329 2826 ait,
356 2751 441 2825 loqui
464 2753 582 2826 oportet
605 2750 799 2826 odiosumque
821 2750 856 2808 fit
879 2752 988 2809 natum
1009 2752 1076 2826 ipea

57 2841 210 2899 iudicante
238 2841 437 2915 mendacium,
466 2839 592 2898 verbum
615 2858 633 2897 a
657 2858 726 2899 vero
754 2840 1000 2918 cognominatum
1022 2843 1075 2898 est.

58 2948 112 2988 nec
140 2930 292 3006 ingenium
322 2933 462 3006 quartum
490 2928 601 3000 defuit3
636 2947 706 2987 nam
733 2932 803 2989 sunt
831 2931 885 3004 qui
911 2929 1035 2987 verbum
1059 2947 1077 2987 a

57 3038 129 3077 vero
145 3018 266 3094 quidem
280 3018 394 3094 dietum
407 3021 526 3094 putant,
545 3017 597 3077 sed
609 3017 707 3094 prima
721 3018 839 3094 syllaba
853 3018 926 3078 setis
943 3017 1076 3077 animad-

58 3126 146 3166 versa
168 3107 327 3167 secundam
350 3107 469 3186 neglegi
492 3127 552 3167 non
576 3109 719 3182 oportere.
759 3107 884 3166 verbum
907 3107 986 3165 enim
1010 3125 1076 3165 oum
1091 3127 1131 3168 rao

58 3196 199 3270 dicimus,
231 3196 385 3272 inquiunt,
417 3199 515 3274 prima
545 3197 607 3254 eius
638 3196 755 3272 syllaba
784 3215 887 3256 verum
918 3196 1076 3272 signifieat,

58 3285 188 3345 secunda
206 3304 326 3360 sonum3
348 3287 404 3346 hoo
425 3285 504 3346 enim
527 3286 633 3344 volunt
656 3304 718 3344 esse
738 3279 842 3360 ‘bum',
864 3283 942 3344 unde
962 3285 1076 3344 Ennius

59 3369 130 3454 [ine.
152 3375 193 3433 50
210 3367 270 3453 W]
303 3394 410 3434 sonum
439 3372 549 3450 pedum
582 3369 740 3432 ‘bombum
769 3369 893 3452 pedum'
925 3374 1025 3445 diist„
1049 3375 1088 3428 et

53 3465 166 3540 βοῆσαι
190 3462 294 3521 Graeci
317 3463 456 3524 ciamare.
477 3497 519 3506 -
546 3484 619 3546 ergo
641 3464 778 3526 uerbum
798 3465 925 3524 &emm
944 3462 998 3517 est,
1017 3455 1128 3547 opum-‘x-

43 3567 62 3604 e
98 3567 201 3618 mum
242 3551 376 3632 boando,
414 3556 477 3620 hoe
516 3561 566 3622 est
604 3579 721 3621 uerum
760 3554 921 3618 sonando.
952 3575 999 3588 -
1029 3539 1183 3595 &ww
