2400 3824
485 110 513 164 C.
532 110 657 164 Lucilius
1037 109 1082 172 41·

56 283 144 358 pium
169 283 306 340 imitatus
324 283 370 339 est
388 280 445 338 sibi
465 280 570 355 primo,
593 298 662 338 mox
684 278 819 339 omnibus
843 279 1081 338 detrectaeturus

58 390 130 430 cum
157 373 245 429 tauta
271 372 434 429 recentium
463 373 620 445 poetarum
644 372 673 427 et
697 372 848 428 oratorum
876 370 1109 443 insectationes

57 463 98 519 ut
122 461 214 518 etiam
237 459 386 518 Neronem
408 459 574 534 principem
596 458 678 516 illius
701 457 843 532 temporis
873 458 1084 533 inculpaverit.

138 556 153 602 3
174 549 252 603 cuius
272 581 305 589 -
326 550 368 603 est
386 550 446 603 secl.
468 550 557 602 Marc

495 683 537 740 rs
561 675 654 760 [888]

59 791 80 848 l.
100 790 141 847 X.
182 790 306 847 horum
321 791 375 847 est
393 787 569 847 iudicium
584 806 755 863 crassum,
774 792 813 846 ut
827 787 1083 862 descripsimus

926 878 1022 949 ants,
1083 922 1084 926 ,

182 967 248 1026 hoc
271 969 337 1041 est,
366 967 452 1042 quid
480 985 627 1039 sumam,
655 965 741 1042 quid
764 985 845 1040 non,
880 966 915 1023 in
944 984 1084 1041 quoque

138 1137 213 1191 Nou.
225 1154 254 1205 p.
271 1140 332 1201 396,
347 1140 383 1190 13
398 1152 505 1190 sumere
520 1135 606 1190 etiam
626 1134 766 1205 signifieat
785 1136 896 1206 eligere.
913 1055 1085 1189 —lolirieiliiii

58 1209 226 1262 saturarum
248 1207 297 1260 lib.
316 1207 356 1261 X:·
377 1223 457 1261 horum
477 1223 633 1261 -1000mus
663 1209 804 1262 verberum
828 1209 957 1262 delectum
979 1209 1010 1261 ih
1032 1208 1085 1261 elo·

58 1281 180 1406 imilla
203 1280 362 1344 Buecheler,
385 1297 476 1332 rerum
499 1281 530 1332 ih
550 1281 628 1346 poesi
652 1280 741 1334 Marc
762 1280 828 1333 haec
854 1285 974 1347 spectare
996 1280 1085 1347 suspi-

138 1431 290 1485 honorum:
311 1448 358 1484 em.
374 1431 447 1484 Roth
461 1430 597 1484 bonorum
612 1430 732 1484 IDcuca
798 1430 898 1482 crassis
912 1431 944 1482 ut
959 1429 1086 1483 discribi-

59 1521 143 1556 mus:
158 1502 268 1570 phrasis
282 1503 315 1554 ut
329 1502 461 1569 descrips.
490 1502 638 1555 Buecheler
652 1501 744 1554 Crassi
759 1501 831 1553 sieut
846 1501 963 1556 describ.
992 1502 1087 1569 Corpel

60 1573 148 1628 crisis
166 1575 199 1626 ut
218 1572 395 1626 discribimus
413 1575 503 1627 Marx
517 1589 640 1626 crassum
658 1573 757 1641 scripsi
762 1594 772 1638 ,·
791 1574 850 1627 aliu
868 1574 1089 1641 8888818818881

60 1646 134 1711 Le0,
157 1645 229 1699 Gca.
247 1645 355 1716 pelehrt.
376 1646 446 1698 Aac.
468 1648 541 1697 1906
555 1661 585 1712 p.
603 1648 660 1697 850

498 1778 539 1834 19
565 1770 658 1855 [888]

60 1887 83 1944 l.
115 1885 156 1943 X.
213 1879 270 1942 ‘ne
293 1916 311 1943 υ
333 1888 369 1943 18
401 1903 480 1943 arce
512 1883 637 1943 bovem
670 1883 847 1959 descripsi
879 1879 1087 1960 magnifice'

968 1973 1090 2048 inquit

142 2055 247 2109 Docet.
262 2055 319 2108 lec.
331 2053 545 2120 8881888246
561 2054 618 2107 ‘ne'
629 2054 720 2121 valde,
736 2056 793 2121 aut,
807 2055 840 2106 ul
854 2053 970 2120 quidam
983 2054 1089 2121 volunt,

61 2144 80 2181 ο
102 2141 200 2193 quam.
237 2125 361 2178 Lucilius
381 2125 411 2178 in
431 2125 551 2180 decimo:
571 2151 599 2179 ne
615 2158 648 2164 -
662 2140 742 2188 inquit.
776 2131 858 2194 pecta
883 2126 996 2192 quidam
1019 2127 1090 2180 deri-

60 2199 132 2252 deri
149 2197 265 2251 uidetur.
294 2197 423 2251 inverse
436 2198 560 2252 Atticam
575 2199 750 2265 proverbium
774 2199 841 2267 βοῦς
860 2196 890 2250 ἐν
909 2194 987 2250 πόλει
1007 2214 1091 2267 8988-

61 2272 107 2324 vit
131 2268 245 2334 OJahh,
264 2269 378 2322 Hermes
392 2272 417 2321 3.
438 2271 652 2338 (1869)p.181.

143 2374 179 2410 ne
194 2373 277 2424 quem
292 2375 333 2427 cp.
349 2361 393 2426 (ecc
406 2373 497 2424 neque
511 2358 587 2412 codd.
599 2358 770 2425 deteriorum)
788 2357 822 2425 νὴ
832 2353 881 2410 τόν
896 2358 1043 2411 Buecheler
1057 2344 1092 2411 ne

62 2429 176 2503 <illum
185 2427 260 2501 ego>
273 2430 362 2483 Mara
424 2429 454 2481 in
465 2429 540 2500 arce]
554 2445 647 2482 marce
663 2430 749 2483 Valle.
761 2429 858 2497 Bepih.
871 2427 934 2481 Lal.
947 2433 1019 2481 1496
1029 2455 1062 2473 =
1071 2429 1097 2482 V

63 2501 222 2568 descripsit
243 2499 329 2555 0888.
363 2500 458 2568 -psisti
482 2501 509 2552 V

500 2635 543 2691 20
568 2626 661 2711 [384]

141 2743 159 2799 l.
181 2741 219 2799 Χ,
265 2741 407 2815 Porphyr.
431 2740 505 2797 Hor.
529 2757 614 2798 serm.
636 2743 663 2806 1,
681 2741 732 2810 10,
748 2739 790 2796 53
814 2765 856 2785 =
879 2739 957 2811 [1.]

145 2841 253 2908 reliqua
268 2839 333 2892 h'hri
347 2839 379 2892 X
390 2839 546 2908 frapmehte
565 2837 603 2891 ad
620 2839 704 2894 helas
721 2839 795 2892 mccli
814 2845 976 2908 acphmehlu
994 2839 1095 2905 referre

64 2913 169 2982 possis,
187 2911 235 2965 secl
253 2927 295 2965 res
313 2911 397 2964 hircis
415 2911 520 2964 incerta
539 2915 582 2964 est.

503 3045 544 3102 21
571 3035 664 3120 [437]

142 3153 161 3211 l.
171 3152 250 3210 XII.
271 3145 394 3228 811κ8>
404 3153 474 3210 8188
487 3150 673 3209 arbitrantur
688 3144 882 3228 [trapoeeh'em
891 3144 1096 3227 corniculam}

67 3244 236 3320 propterea
258 3234 381 3318 <qu0d>
405 3240 477 3299 olim
500 3238 568 3318 τρύξ
598 3239 801 3313 dictitabatur,
831 3257 848 3296 8
872 3257 931 3312 quo
954 3237 1097 3316 τρύγητος

68 3331 223 3407 hodieque
247 3329 399 3388 vindemia
422 3333 476 3403 est,
499 3330 570 3404 quia
592 3327 780 3386 Liberalibus
805 3326 888 3402 apud
910 3326 1030 3384 Atticss
1051 3325 1103 3382 die

68 3423 153 3480 festo
165 3418 268 3476 Liberi
281 3421 382 3490 patris
400 3419 502 3478 cirum
522 3419 699 3482 cantoribus
719 3440 777 3499 pro
795 3416 963 3480 corollaria
978 3414 1131 3482 dabatur,

57 3507 150 3563 cuius
168 3505 218 3558 rei
239 3505 324 3562 testis
346 3509 392 3564 est
414 3507 556 3570 Lucilius
581 3512 616 3573 in
643 3513 845 3578 duodecime.
