<?xml version="1.0" encoding="UTF-8"?>
<!DOCTYPE html PUBLIC "-//W3C//DTD XHTML 1.0 Transitional//EN"
    "http://www.w3.org/TR/xhtml1/DTD/xhtml1-transitional.dtd">
<html xmlns="http://www.w3.org/1999/xhtml" xml:lang="en" lang="en">
 <head>
  <title>
</title>
<meta http-equiv="Content-Type" content="text/html;charset=utf-8" />
  <meta name='ocr-system' content='tesseract 3.04.00' />
  <meta name='ocr-capabilities' content='ocr_page ocr_carea ocr_par ocr_line ocrx_word'/>
</head>
<body>
  <div class='ocr_page' id='page_1' title='image "./grammaticaeroma02funagoog_0593.png"; bbox 0 0 2400 3824; ppageno 0'>
   <div class='ocr_carea' id='block_1_1' title="bbox 132 153 988 223">
    <p class='ocr_par' dir='ltr' id='par_1_1' title="bbox 132 153 988 223">
     <span class='ocr_line' id='line_1_1' title="bbox 132 153 988 223; baseline -0.006 -12"><span class='ocrx_word' id='word_1_1' title='bbox 132 154 199 218; x_wconf 81' lang='grc'><strong>560</strong></span> <span class='ocrx_word' id='word_1_2' title='bbox 299 155 504 209; x_wconf 85' lang='lat' dir='ltr'><strong>Grammaticae</strong></span> <span class='ocrx_word' id='word_1_3' title='bbox 523 155 626 208; x_wconf 89' lang='lat' dir='ltr'><strong>aetatis</strong></span> <span class='ocrx_word' id='word_1_4' title='bbox 645 155 807 223; x_wconf 83' lang='lat' dir='ltr'><strong>Augusteae</strong></span> <span class='ocrx_word' id='word_1_5' title='bbox 825 153 988 223; x_wconf 84' lang='lat' dir='ltr'><strong>fragmenta</strong></span> 
     </span>
    </p>
   </div>
   <div class='ocr_carea' id='block_1_2' title="bbox 131 427 1152 774">
    <p class='ocr_par' dir='ltr' id='par_1_2' title="bbox 131 427 1152 774">
     <span class='ocr_line' id='line_1_2' title="bbox 200 427 1152 506; baseline -0.002 -18"><span class='ocrx_word' id='word_1_6' title='bbox 200 432 279 489; x_wconf 90' lang='lat' dir='ltr'><strong>inter</strong></span> <span class='ocrx_word' id='word_1_7' title='bbox 300 431 465 506; x_wconf 89' lang='lat' dir='ltr'><strong>proiectum</strong></span> <span class='ocrx_word' id='word_1_8' title='bbox 489 434 519 489; x_wconf 89' lang='lat' dir='ltr'><strong>et</strong></span> <span class='ocrx_word' id='word_1_9' title='bbox 541 431 708 490; x_wconf 88' lang='lat' dir='ltr'><strong>immissum</strong></span> <span class='ocrx_word' id='word_1_10' title='bbox 730 431 786 489; x_wconf 89' lang='lat' dir='ltr'><strong>hoc</strong></span> <span class='ocrx_word' id='word_1_11' title='bbox 808 431 951 489; x_wconf 81' lang='lat' dir='ltr'><strong>interesse</strong></span> <span class='ocrx_word' id='word_1_12' title='bbox 977 431 1024 488; x_wconf 89' lang='lat' dir='ltr'><strong>ait</strong></span> <span class='ocrx_word' id='word_1_13' title='bbox 1047 427 1152 503; x_wconf 91' lang='lat' dir='ltr'><strong>Labeo,</strong></span> 
     </span>
     <span class='ocr_line' id='line_1_3' title="bbox 133 519 1152 596; baseline -0.002 -19"><span class='ocrx_word' id='word_1_14' title='bbox 133 520 214 595; x_wconf 88' lang='lat' dir='ltr'><strong>quod</strong></span> <span class='ocrx_word' id='word_1_15' title='bbox 241 521 408 594; x_wconf 88' lang='lat' dir='ltr'><strong>proiectum</strong></span> <span class='ocrx_word' id='word_1_16' title='bbox 437 523 515 580; x_wconf 85' lang='lat' dir='ltr'><strong>esset</strong></span> <span class='ocrx_word' id='word_1_17' title='bbox 541 521 574 579; x_wconf 85' lang='lat' dir='ltr'><strong>id</strong></span> <span class='ocrx_word' id='word_1_18' title='bbox 601 519 681 596; x_wconf 91' lang='lat' dir='ltr'><strong>quod</strong></span> <span class='ocrx_word' id='word_1_19' title='bbox 708 521 753 578; x_wconf 89' lang='lat' dir='ltr'><strong>ita</strong></span> <span class='ocrx_word' id='word_1_20' title='bbox 779 520 995 594; x_wconf 77' lang='lat' dir='ltr'><strong>proveheretur</strong></span> <span class='ocrx_word' id='word_1_21' title='bbox 1025 521 1060 576; x_wconf 90' lang='lat' dir='ltr'><strong>ut</strong></span> <span class='ocrx_word' id='word_1_22' title='bbox 1088 537 1152 576; x_wconf 88' lang='lat' dir='ltr'><strong>nus·</strong></span> 
     </span>
     <span class='ocr_line' id='line_1_4' title="bbox 132 608 1151 686; baseline -0.003 -19"><span class='ocrx_word' id='word_1_23' title='bbox 132 627 224 684; x_wconf 88' lang='lat' dir='ltr'><strong>quam</strong></span> <span class='ocrx_word' id='word_1_24' title='bbox 246 612 451 685; x_wconf 80' lang='lat' dir='ltr'><strong>requiesceret,</strong></span> <span class='ocrx_word' id='word_1_25' title='bbox 475 610 578 684; x_wconf 89' lang='lat' dir='ltr'><strong>qualia</strong></span> <span class='ocrx_word' id='word_1_26' title='bbox 600 609 758 668; x_wconf 79' lang='lat' dir='ltr'><strong>maeniana</strong></span> <span class='ocrx_word' id='word_1_27' title='bbox 778 611 808 668; x_wconf 91' lang='lat' dir='ltr'><strong>et</strong></span> <span class='ocrx_word' id='word_1_28' title='bbox 826 608 1019 686; x_wconf 84' lang='lat' dir='ltr'><strong>suggrimdae</strong></span> <span class='ocrx_word' id='word_1_29' title='bbox 1044 611 1151 682; x_wconf 75' lang='lat' dir='ltr'><strong>essent,</strong></span> 
     </span>
     <span class='ocr_line' id='line_1_5' title="bbox 131 697 1152 774; baseline -0.002 -18"><span class='ocrx_word' id='word_1_30' title='bbox 131 698 298 758; x_wconf 89' lang='lat' dir='ltr'><strong>immissum</strong></span> <span class='ocrx_word' id='word_1_31' title='bbox 313 701 419 773; x_wconf 90' lang='lat' dir='ltr'><strong>autem,</strong></span> <span class='ocrx_word' id='word_1_32' title='bbox 439 697 517 774; x_wconf 87' lang='lat' dir='ltr'><strong>quod</strong></span> <span class='ocrx_word' id='word_1_33' title='bbox 536 701 581 757; x_wconf 90' lang='lat' dir='ltr'><strong>ita</strong></span> <span class='ocrx_word' id='word_1_34' title='bbox 595 698 679 757; x_wconf 91' lang='lat' dir='ltr'><strong>fieret</strong></span> <span class='ocrx_word' id='word_1_35' title='bbox 692 701 727 756; x_wconf 94' lang='lat' dir='ltr'><strong>ut</strong></span> <span class='ocrx_word' id='word_1_36' title='bbox 742 698 842 774; x_wconf 89' lang='lat' dir='ltr'><strong>aliquo</strong></span> <span class='ocrx_word' id='word_1_37' title='bbox 862 697 926 756; x_wconf 88' lang='lat' dir='ltr'><strong>loco</strong></span> <span class='ocrx_word' id='word_1_38' title='bbox 945 699 1152 773; x_wconf 72' lang='lat' dir='ltr'><strong>requiesceret,</strong></span> 
     </span>
    </p>
   </div>
   <div class='ocr_carea' id='block_1_3' title="bbox 105 786 770 864">
    <p class='ocr_par' dir='ltr' id='par_1_3' title="bbox 105 786 770 864">
     <span class='ocr_line' id='line_1_6' title="bbox 105 786 770 864; baseline -0.009 -14"><span class='ocrx_word' id='word_1_39' title='bbox 105 787 227 850; x_wconf 78' lang='lat' dir='ltr'><strong>oveluti</strong></span> <span class='ocrx_word' id='word_1_40' title='bbox 251 789 336 864; x_wconf 86' lang='lat' dir='ltr'><strong>tigna</strong></span> <span class='ocrx_word' id='word_1_41' title='bbox 358 786 516 863; x_wconf 86' lang='lat' dir='ltr'><strong>trabesque</strong></span> <span class='ocrx_word' id='word_1_42' title='bbox 540 787 770 846; x_wconf 86' lang='lat' dir='ltr'><strong>inmitterentur.</strong></span> 
     </span>
    </p>
   </div>
   <div class='ocr_carea' id='block_1_4' title="bbox 134 875 1152 1011">
    <p class='ocr_par' dir='ltr' id='par_1_4' title="bbox 134 875 1152 1011">
     <span class='ocr_line' id='line_1_7' title="bbox 204 875 1152 944; baseline -0.004 -14"><span class='ocrx_word' id='word_1_43' title='bbox 204 879 246 930; x_wconf 81' lang='lat' dir='ltr'><strong>Dt&#39;</strong></span> <span class='ocrx_word' id='word_1_44' title='bbox 264 919 269 931; x_wconf 95' lang='lat'><em>.</em></span> <span class='ocrx_word' id='word_1_45' title='bbox 289 881 499 943; x_wconf 79' lang='lat'><strong>50,16,242,1</strong></span> <span class='ocrx_word' id='word_1_46' title='bbox 527 876 674 930; x_wconf 85' lang='lat' dir='ltr'><strong>Iavolenus</strong></span> <span class='ocrx_word' id='word_1_47' title='bbox 697 876 769 930; x_wconf 83' lang='lat' dir='ltr'><strong>libro</strong></span> <span class='ocrx_word' id='word_1_48' title='bbox 794 877 914 931; x_wconf 90' lang='lat' dir='ltr'><strong>secundo</strong></span> <span class='ocrx_word' id='word_1_49' title='bbox 935 891 970 929; x_wconf 87' lang='lat' dir='ltr'><strong>ex</strong></span> <span class='ocrx_word' id='word_1_50' title='bbox 991 875 1152 944; x_wconf 85' lang='lat' dir='ltr'><strong>posteriori-</strong></span> 
     </span>
     <span class='ocr_line' id='line_1_8' title="bbox 134 895 830 1011; baseline 0 -10"><span class='ocrx_word' id='word_1_51' title='bbox 134 947 184 1001; x_wconf 83' lang='lat' dir='ltr'><strong>bus</strong></span> <span class='ocrx_word' id='word_1_52' title='bbox 204 895 351 1003; x_wconf 72' lang='lat' dir='ltr'><strong>Labeonis.</strong></span> <span class='ocrx_word' id='word_1_53' title='bbox 371 981 404 988; x_wconf 99' lang='lat'>—</span> <span class='ocrx_word' id='word_1_54' title='bbox 423 963 482 1003; x_wconf 80' lang='lat' dir='ltr'><strong>inter</strong></span> <span class='ocrx_word' id='word_1_55' title='bbox 497 962 620 1011; x_wconf 73' lang='lat' dir='ltr'><strong>protentum</strong></span> <span class='ocrx_word' id='word_1_56' title='bbox 634 979 662 989; x_wconf 91' lang='lat'>-</span> <span class='ocrx_word' id='word_1_57' title='bbox 674 963 830 1003; x_wconf 70' lang='lat' dir='ltr'><strong>inmitteretur.</strong></span> 
     </span>
    </p>
   </div>
   <div class='ocr_carea' id='block_1_5' title="bbox 134 1053 1151 1181">
    <p class='ocr_par' dir='ltr' id='par_1_5' title="bbox 134 1053 1151 1181">
     <span class='ocr_line' id='line_1_9' title="bbox 134 1053 1151 1181; baseline -0.003 -73"><span class='ocrx_word' id='word_1_58' title='bbox 134 1126 157 1181; x_wconf 69' lang='lat' dir='ltr'><em>C</em></span> <span class='ocrx_word' id='word_1_59' title='bbox 204 1060 220 1108; x_wconf 78' lang='lat' dir='ltr'><strong>t</strong></span> <span class='ocrx_word' id='word_1_60' title='bbox 238 1055 273 1108; x_wconf 89' lang='lat' dir='ltr'><strong>tr.</strong></span> <span class='ocrx_word' id='word_1_61' title='bbox 289 1071 361 1122; x_wconf 90' lang='lat' dir='ltr'><strong>quae</strong></span> <span class='ocrx_word' id='word_1_62' title='bbox 379 1055 568 1109; x_wconf 85' lang='lat' dir='ltr'><strong>inmitteretur</strong></span> <span class='ocrx_word' id='word_1_63' title='bbox 582 1056 659 1111; x_wconf 80' lang='lat' dir='ltr'><strong>codd.</strong></span> <span class='ocrx_word' id='word_1_64' title='bbox 679 1055 828 1122; x_wconf 84' lang='lat' dir='ltr'><strong>trabesque</strong></span> <span class='ocrx_word' id='word_1_65' title='bbox 843 1070 915 1124; x_wconf 88' lang='lat' dir='ltr'><strong>quae</strong></span> <span class='ocrx_word' id='word_1_66' title='bbox 930 1053 1151 1108; x_wconf 82' lang='lat' dir='ltr'><strong>immitterentur</strong></span> 
     </span>
     <span class='ocr_line' id='line_1_10' title="bbox 155 1143 245 1180; baseline 0.011 -1"><span class='ocrx_word' id='word_1_67' title='bbox 155 1143 245 1180; x_wconf 79' lang='lat' dir='ltr'><strong>rumor</strong></span> 
     </span>
    </p>
   </div>
   <div class='ocr_carea' id='block_1_6' title="bbox 563 1199 720 1285">
    <p class='ocr_par' dir='ltr' id='par_1_6' title="bbox 563 1199 720 1285">
     <span class='ocr_line' id='line_1_11' title="bbox 563 1199 720 1285; baseline 0.006 -21"><span class='ocrx_word' id='word_1_68' title='bbox 563 1209 604 1264; x_wconf 88' lang='lat'><strong>10</strong></span> <span class='ocrx_word' id='word_1_69' title='bbox 627 1199 720 1285; x_wconf 85' lang='lat'><strong><em>[119]</em></strong></span> 
     </span>
    </p>
   </div>
   <div class='ocr_carea' id='block_1_7' title="bbox 132 1311 1149 1655">
    <p class='ocr_par' dir='ltr' id='par_1_7' title="bbox 132 1311 1149 1655">
     <span class='ocr_line' id='line_1_12' title="bbox 200 1311 1149 1388; baseline -0.002 -17"><span class='ocrx_word' id='word_1_70' title='bbox 200 1311 323 1371; x_wconf 74' lang='lat' dir='ltr'><strong>viduam</strong></span> <span class='ocrx_word' id='word_1_71' title='bbox 346 1331 405 1370; x_wconf 93' lang='lat' dir='ltr'><strong>non</strong></span> <span class='ocrx_word' id='word_1_72' title='bbox 425 1313 521 1371; x_wconf 90' lang='lat' dir='ltr'><strong>solum</strong></span> <span class='ocrx_word' id='word_1_73' title='bbox 540 1331 614 1386; x_wconf 89' lang='lat' dir='ltr'><strong>eam,</strong></span> <span class='ocrx_word' id='word_1_74' title='bbox 639 1332 714 1388; x_wconf 88' lang='lat' dir='ltr'><strong>quae</strong></span> <span class='ocrx_word' id='word_1_75' title='bbox 734 1312 895 1388; x_wconf 86' lang='lat' dir='ltr'><strong>aliquando</strong></span> <span class='ocrx_word' id='word_1_76' title='bbox 919 1314 1016 1387; x_wconf 88' lang='lat' dir='ltr'><strong>nupta</strong></span> <span class='ocrx_word' id='word_1_77' title='bbox 1039 1312 1149 1383; x_wconf 82' lang='lat' dir='ltr'><strong>fuisset,</strong></span> 
     </span>
     <span class='ocr_line' id='line_1_13' title="bbox 133 1400 1147 1478; baseline -0.002 -19"><span class='ocrx_word' id='word_1_78' title='bbox 133 1400 184 1459; x_wconf 88' lang='lat' dir='ltr'><strong>sed</strong></span> <span class='ocrx_word' id='word_1_79' title='bbox 215 1420 280 1459; x_wconf 90' lang='lat' dir='ltr'><strong>eam</strong></span> <span class='ocrx_word' id='word_1_80' title='bbox 311 1420 429 1477; x_wconf 92' lang='lat' dir='ltr'><strong>quoque</strong></span> <span class='ocrx_word' id='word_1_81' title='bbox 461 1403 630 1476; x_wconf 90' lang='lat' dir='ltr'><strong>mulierem,</strong></span> <span class='ocrx_word' id='word_1_82' title='bbox 663 1421 739 1478; x_wconf 89' lang='lat' dir='ltr'><strong>quae</strong></span> <span class='ocrx_word' id='word_1_83' title='bbox 769 1403 867 1460; x_wconf 87' lang='lat' dir='ltr'><strong>virum</strong></span> <span class='ocrx_word' id='word_1_84' title='bbox 896 1420 956 1459; x_wconf 93' lang='lat' dir='ltr'><strong>non</strong></span> <span class='ocrx_word' id='word_1_85' title='bbox 989 1400 1147 1473; x_wconf 80' lang='lat' dir='ltr'><strong>habuisset,</strong></span> 
     </span>
     <span class='ocr_line' id='line_1_14' title="bbox 134 1490 1147 1567; baseline 0.001 -20"><span class='ocrx_word' id='word_1_86' title='bbox 134 1490 281 1564; x_wconf 88' lang='lat' dir='ltr'><strong>appellari</strong></span> <span class='ocrx_word' id='word_1_87' title='bbox 305 1491 349 1548; x_wconf 91' lang='lat' dir='ltr'><strong>ait</strong></span> <span class='ocrx_word' id='word_1_88' title='bbox 367 1490 475 1565; x_wconf 89' lang='lat' dir='ltr'><strong>Labeo,</strong></span> <span class='ocrx_word' id='word_1_89' title='bbox 498 1493 569 1567; x_wconf 90' lang='lat' dir='ltr'><strong>quia</strong></span> <span class='ocrx_word' id='word_1_90' title='bbox 588 1491 678 1551; x_wconf 85' lang='lat' dir='ltr'><strong>vidua</strong></span> <span class='ocrx_word' id='word_1_91' title='bbox 702 1491 744 1550; x_wconf 89' lang='lat' dir='ltr'><strong>sic</strong></span> <span class='ocrx_word' id='word_1_92' title='bbox 768 1491 848 1549; x_wconf 86' lang='lat' dir='ltr'><strong>dicta</strong></span> <span class='ocrx_word' id='word_1_93' title='bbox 871 1493 916 1548; x_wconf 90' lang='lat' dir='ltr'><strong>est</strong></span> <span class='ocrx_word' id='word_1_94' title='bbox 941 1491 1029 1564; x_wconf 87' lang='lat' dir='ltr'><strong>quasi</strong></span> <span class='ocrx_word' id='word_1_95' title='bbox 1052 1507 1147 1548; x_wconf 84' lang='lat' dir='ltr'><strong>vecors</strong></span> 
     </span>
     <span class='ocr_line' id='line_1_15' title="bbox 132 1579 1147 1655; baseline 0 -18"><span class='ocrx_word' id='word_1_96' title='bbox 132 1597 268 1653; x_wconf 75' lang='lat' dir='ltr'><strong>vesanae,</strong></span> <span class='ocrx_word' id='word_1_97' title='bbox 288 1580 340 1654; x_wconf 90' lang='lat' dir='ltr'><strong>qui</strong></span> <span class='ocrx_word' id='word_1_98' title='bbox 360 1580 422 1637; x_wconf 92' lang='lat' dir='ltr'><strong>sine</strong></span> <span class='ocrx_word' id='word_1_99' title='bbox 442 1580 527 1638; x_wconf 88' lang='lat' dir='ltr'><strong>eorde</strong></span> <span class='ocrx_word' id='word_1_100' title='bbox 548 1585 600 1638; x_wconf 91' lang='lat' dir='ltr'><strong>aut</strong></span> <span class='ocrx_word' id='word_1_101' title='bbox 617 1581 746 1638; x_wconf 89' lang='lat' dir='ltr'><strong>sanitate</strong></span> <span class='ocrx_word' id='word_1_102' title='bbox 766 1590 857 1655; x_wconf 88' lang='lat' dir='ltr'><strong>esset;</strong></span> <span class='ocrx_word' id='word_1_103' title='bbox 876 1579 1017 1638; x_wconf 89' lang='lat' dir='ltr'><strong>similiter</strong></span> <span class='ocrx_word' id='word_1_104' title='bbox 1030 1579 1147 1637; x_wconf 85' lang='lat' dir='ltr'><strong>viduam</strong></span> 
     </span>
    </p>
   </div>
   <div class='ocr_carea' id='block_1_8' title="bbox 106 1667 565 1727">
    <p class='ocr_par' dir='ltr' id='par_1_8' title="bbox 106 1667 565 1727">
     <span class='ocr_line' id='line_1_16' title="bbox 106 1667 565 1727; baseline 0.015 -7"><span class='ocrx_word' id='word_1_105' title='bbox 106 1667 244 1726; x_wconf 76' lang='lat' dir='ltr'><strong>idiotam</strong></span> <span class='ocrx_word' id='word_1_106' title='bbox 269 1687 330 1726; x_wconf 88' lang='lat' dir='ltr'><strong>esse</strong></span> <span class='ocrx_word' id='word_1_107' title='bbox 354 1669 416 1727; x_wconf 87' lang='lat' dir='ltr'><strong>sine</strong></span> <span class='ocrx_word' id='word_1_108' title='bbox 441 1669 565 1727; x_wconf 85' lang='lat' dir='ltr'><strong>duitate.</strong></span> 
     </span>
    </p>
   </div>
   <div class='ocr_carea' id='block_1_9' title="bbox 132 1755 1147 1884">
    <p class='ocr_par' dir='ltr' id='par_1_9' title="bbox 132 1755 1147 1884">
     <span class='ocr_line' id='line_1_17' title="bbox 204 1755 1147 1826; baseline -0.002 -15"><span class='ocrx_word' id='word_1_109' title='bbox 204 1759 247 1812; x_wconf 84' lang='lat' dir='ltr'><strong>Dt&#39;</strong></span> <span class='ocrx_word' id='word_1_110' title='bbox 264 1799 270 1811; x_wconf 92' lang='lat'><strong>.</strong></span> <span class='ocrx_word' id='word_1_111' title='bbox 291 1762 471 1825; x_wconf 78' lang='lat'><strong>50,16,242,</strong></span> <span class='ocrx_word' id='word_1_112' title='bbox 487 1763 504 1813; x_wconf 90' lang='lat'><strong><em>3</em></strong></span> <span class='ocrx_word' id='word_1_113' title='bbox 522 1759 668 1813; x_wconf 86' lang='lat' dir='ltr'><strong>Iavolenus</strong></span> <span class='ocrx_word' id='word_1_114' title='bbox 691 1757 763 1811; x_wconf 92' lang='lat' dir='ltr'><strong>libro</strong></span> <span class='ocrx_word' id='word_1_115' title='bbox 788 1757 909 1811; x_wconf 87' lang='lat' dir='ltr'><strong>secundo</strong></span> <span class='ocrx_word' id='word_1_116' title='bbox 937 1774 970 1810; x_wconf 89' lang='lat' dir='ltr'><strong>ex</strong></span> <span class='ocrx_word' id='word_1_117' title='bbox 989 1755 1147 1826; x_wconf 86' lang='lat' dir='ltr'><strong>posteriori·</strong></span> 
     </span>
     <span class='ocr_line' id='line_1_18' title="bbox 132 1776 661 1884; baseline 0.006 -3"><span class='ocrx_word' id='word_1_118' title='bbox 132 1828 185 1882; x_wconf 83' lang='lat' dir='ltr'><strong>bus</strong></span> <span class='ocrx_word' id='word_1_119' title='bbox 205 1776 350 1883; x_wconf 72' lang='lat' dir='ltr'><strong>Labeonis.</strong></span> <span class='ocrx_word' id='word_1_120' title='bbox 371 1862 403 1869; x_wconf 91' lang='lat'>—</span> <span class='ocrx_word' id='word_1_121' title='bbox 423 1845 514 1884; x_wconf 72' lang='lat' dir='ltr'><strong>uiuam</strong></span> <span class='ocrx_word' id='word_1_122' title='bbox 528 1863 555 1870; x_wconf 94' lang='lat'>-</span> <span class='ocrx_word' id='word_1_123' title='bbox 569 1844 661 1884; x_wconf 69' lang='lat' dir='ltr'><strong>imita.</strong></span> 
     </span>
    </p>
   </div>
   <div class='ocr_carea' id='block_1_10' title="bbox 490 2059 794 2114">
    <p class='ocr_par' dir='ltr' id='par_1_10' title="bbox 490 2059 794 2114">
     <span class='ocr_line' id='line_1_19' title="bbox 490 2059 794 2114; baseline -0.007 0"><span class='ocrx_word' id='word_1_124' title='bbox 490 2059 674 2114; x_wconf 79' lang='lat' dir='ltr'><strong>INGERTAE</strong></span> <span class='ocrx_word' id='word_1_125' title='bbox 694 2059 794 2114; x_wconf 83' lang='lat' dir='ltr'>SEDIS</span> 
     </span>
    </p>
   </div>
   <div class='ocr_carea' id='block_1_11' title="bbox 444 2187 837 2272">
    <p class='ocr_par' dir='ltr' id='par_1_11' title="bbox 444 2187 837 2272">
     <span class='ocr_line' id='line_1_20' title="bbox 444 2187 837 2272; baseline 0 -21"><span class='ocrx_word' id='word_1_126' title='bbox 444 2197 484 2252; x_wconf 87' lang='lat'><strong>11</strong></span> <span class='ocrx_word' id='word_1_127' title='bbox 514 2188 575 2272; x_wconf 89' lang='lat' dir='ltr'><strong>[De</strong></span> <span class='ocrx_word' id='word_1_128' title='bbox 597 2195 661 2253; x_wconf 78' lang='lat' dir='ltr'><strong>iure</strong></span> <span class='ocrx_word' id='word_1_129' title='bbox 679 2198 759 2267; x_wconf 75' lang='lat' dir='ltr'><strong>pont.</strong></span> <span class='ocrx_word' id='word_1_130' title='bbox 781 2187 837 2272; x_wconf 84' lang='lat'><strong>19]</strong></span> 
     </span>
    </p>
   </div>
   <div class='ocr_carea' id='block_1_12' title="bbox 133 2298 1150 2635">
    <p class='ocr_par' dir='ltr' id='par_1_12' title="bbox 133 2298 1149 2537">
     <span class='ocr_line' id='line_1_21' title="bbox 200 2298 1149 2376; baseline -0.002 -18"><span class='ocrx_word' id='word_1_131' title='bbox 200 2301 322 2361; x_wconf 78' lang='lat' dir='ltr'><strong>cliviam</strong></span> <span class='ocrx_word' id='word_1_132' title='bbox 346 2319 463 2375; x_wconf 91' lang='lat' dir='ltr'><strong>quoque</strong></span> <span class='ocrx_word' id='word_1_133' title='bbox 487 2319 572 2360; x_wconf 89' lang='lat' dir='ltr'><strong>avem</strong></span> <span class='ocrx_word' id='word_1_134' title='bbox 596 2301 785 2376; x_wconf 86' lang='lat' dir='ltr'><strong>abantiquis</strong></span> <span class='ocrx_word' id='word_1_135' title='bbox 808 2299 994 2359; x_wconf 89' lang='lat' dir='ltr'><strong>nominatam</strong></span> <span class='ocrx_word' id='word_1_136' title='bbox 1017 2298 1149 2357; x_wconf 86' lang='lat' dir='ltr'><strong>animad-</strong></span> 
     </span>
     <span class='ocr_line' id='line_1_22' title="bbox 133 2387 1149 2466; baseline -0.003 -17"><span class='ocrx_word' id='word_1_137' title='bbox 133 2392 217 2449; x_wconf 84' lang='lat' dir='ltr'><strong>verto</strong></span> <span class='ocrx_word' id='word_1_138' title='bbox 245 2389 392 2466; x_wconf 84' lang='lat' dir='ltr'><strong>ignorari3</strong></span> <span class='ocrx_word' id='word_1_139' title='bbox 422 2389 545 2464; x_wconf 88' lang='lat' dir='ltr'><strong>quidam</strong></span> <span class='ocrx_word' id='word_1_140' title='bbox 573 2390 780 2449; x_wconf 77' lang='lat' dir='ltr'><strong>clamatoriam</strong></span> <span class='ocrx_word' id='word_1_141' title='bbox 808 2389 926 2463; x_wconf 88' lang='lat' dir='ltr'><strong>dicunt,</strong></span> <span class='ocrx_word' id='word_1_142' title='bbox 955 2387 1057 2448; x_wconf 88' lang='lat' dir='ltr'><strong>Labeo</strong></span> <span class='ocrx_word' id='word_1_143' title='bbox 1084 2406 1149 2464; x_wconf 92' lang='lat' dir='ltr'><strong>pro-</strong></span> 
     </span>
     <span class='ocr_line' id='line_1_23' title="bbox 134 2479 316 2537; baseline 0.005 -2"><span class='ocrx_word' id='word_1_144' title='bbox 134 2479 316 2537; x_wconf 90' lang='lat' dir='ltr'><strong>hibitoriam.</strong></span> 
     </span>
    </p>

    <p class='ocr_par' dir='ltr' id='par_1_13' title="bbox 206 2566 1150 2635">
     <span class='ocr_line' id='line_1_24' title="bbox 206 2566 1150 2635; baseline -0.003 -13"><span class='ocrx_word' id='word_1_145' title='bbox 206 2571 280 2622; x_wconf 76' lang='lat' dir='ltr'><strong>Plio.</strong></span> <span class='ocrx_word' id='word_1_146' title='bbox 295 2585 323 2621; x_wconf 77' lang='lat' dir='ltr'><strong>a.</strong></span> <span class='ocrx_word' id='word_1_147' title='bbox 338 2570 363 2623; x_wconf 80' lang='lat' dir='ltr'><strong>li.</strong></span> <span class='ocrx_word' id='word_1_148' title='bbox 379 2573 423 2633; x_wconf 79' lang='lat'><strong>10,</strong></span> <span class='ocrx_word' id='word_1_149' title='bbox 437 2573 473 2622; x_wconf 81' lang='lat'><strong>37</strong></span> <span class='ocrx_word' id='word_1_150' title='bbox 492 2582 805 2630; x_wconf 70' lang='lat' dir='ltr'><strong>tunam-protitiuritm.</strong></span> <span class='ocrx_word' id='word_1_151' title='bbox 834 2568 917 2621; x_wconf 79' lang='lat' dir='ltr'><strong>Paul.</strong></span> <span class='ocrx_word' id='word_1_152' title='bbox 934 2566 1007 2621; x_wconf 74' lang='lat' dir='ltr'><strong>Fert.</strong></span> <span class='ocrx_word' id='word_1_153' title='bbox 1018 2583 1050 2635; x_wconf 78' lang='lat' dir='ltr'><strong>p.</strong></span> <span class='ocrx_word' id='word_1_154' title='bbox 1066 2570 1108 2632; x_wconf 81' lang='grc'><strong>64,</strong></span> <span class='ocrx_word' id='word_1_155' title='bbox 1117 2570 1150 2619; x_wconf 85' lang='lat'><strong>10</strong></span> 
     </span>
    </p>
   </div>
   <div class='ocr_carea' id='block_1_13' title="bbox 134 2637 1150 2777">
    <p class='ocr_par' dir='ltr' id='par_1_14' title="bbox 134 2637 1150 2777">
     <span class='ocr_line' id='line_1_25' title="bbox 134 2637 1150 2708; baseline -0.003 -16"><span class='ocrx_word' id='word_1_156' title='bbox 134 2639 219 2693; x_wconf 85' lang='lat' dir='ltr'><strong>clivia</strong></span> <span class='ocrx_word' id='word_1_157' title='bbox 239 2638 364 2707; x_wconf 88' lang='lat' dir='ltr'><strong>auspicia</strong></span> <span class='ocrx_word' id='word_1_158' title='bbox 384 2638 524 2704; x_wconf 79' lang='lat' dir='ltr'><strong>dicebant,</strong></span> <span class='ocrx_word' id='word_1_159' title='bbox 544 2655 617 2707; x_wconf 88' lang='lat' dir='ltr'><strong>quac</strong></span> <span class='ocrx_word' id='word_1_160' title='bbox 632 2639 742 2708; x_wconf 89' lang='lat' dir='ltr'><strong>aliquid</strong></span> <span class='ocrx_word' id='word_1_161' title='bbox 760 2639 820 2692; x_wconf 89' lang='lat' dir='ltr'><strong>fieri</strong></span> <span class='ocrx_word' id='word_1_162' title='bbox 834 2637 1038 2706; x_wconf 83' lang='lat' dir='ltr'><strong>prohibebant;</strong></span> <span class='ocrx_word' id='word_1_163' title='bbox 1058 2637 1150 2691; x_wconf 87' lang='lat' dir='ltr'><strong>omnia</strong></span> 
     </span>
     <span class='ocr_line' id='line_1_26' title="bbox 134 2708 1051 2777; baseline -0.002 -13"><span class='ocrx_word' id='word_1_164' title='bbox 134 2712 209 2764; x_wconf 90' lang='lat' dir='ltr'><strong>enim</strong></span> <span class='ocrx_word' id='word_1_165' title='bbox 228 2710 357 2764; x_wconf 89' lang='lat' dir='ltr'><strong>difficilia</strong></span> <span class='ocrx_word' id='word_1_166' title='bbox 376 2709 461 2764; x_wconf 86' lang='lat' dir='ltr'><strong>clivia</strong></span> <span class='ocrx_word' id='word_1_167' title='bbox 481 2711 626 2777; x_wconf 84' lang='lat' dir='ltr'><strong>vocabant,</strong></span> <span class='ocrx_word' id='word_1_168' title='bbox 645 2711 720 2764; x_wconf 91' lang='lat' dir='ltr'><strong>unde</strong></span> <span class='ocrx_word' id='word_1_169' title='bbox 739 2714 767 2764; x_wconf 95' lang='lat' dir='ltr'><strong>et</strong></span> <span class='ocrx_word' id='word_1_170' title='bbox 786 2709 851 2763; x_wconf 87' lang='lat' dir='ltr'><strong>olivi</strong></span> <span class='ocrx_word' id='word_1_171' title='bbox 870 2709 933 2764; x_wconf 86' lang='lat' dir='ltr'><strong>loca</strong></span> <span class='ocrx_word' id='word_1_172' title='bbox 953 2708 1051 2762; x_wconf 86' lang='lat' dir='ltr'><strong>ardua.</strong></span> 
     </span>
    </p>
   </div>
   <div class='ocr_carea' id='block_1_14' title="bbox 421 2855 862 2939">
    <p class='ocr_par' dir='ltr' id='par_1_15' title="bbox 421 2855 862 2939">
     <span class='ocr_line' id='line_1_27' title="bbox 421 2855 862 2939; baseline -0.002 -20"><span class='ocrx_word' id='word_1_173' title='bbox 421 2863 464 2920; x_wconf 79' lang='lat'><strong>12</strong></span> <span class='ocrx_word' id='word_1_174' title='bbox 488 2855 551 2939; x_wconf 79' lang='lat' dir='ltr'><strong>[Ad</strong></span> <span class='ocrx_word' id='word_1_175' title='bbox 568 2865 663 2934; x_wconf 73' lang='lat' dir='ltr'><strong>praet.</strong></span> <span class='ocrx_word' id='word_1_176' title='bbox 687 2863 763 2934; x_wconf 71' lang='lat' dir='ltr'><strong>offic.</strong></span> <span class='ocrx_word' id='word_1_177' title='bbox 784 2855 862 2939; x_wconf 83' lang='grc'><em>116]</em></span> 
     </span>
    </p>
   </div>
   <div class='ocr_carea' id='block_1_15' title="bbox 133 2966 1148 3130">
    <p class='ocr_par' dir='ltr' id='par_1_16' title="bbox 133 2966 1148 3130">
     <span class='ocr_line' id='line_1_28' title="bbox 202 2966 1148 3044; baseline 0.001 -20"><span class='ocrx_word' id='word_1_178' title='bbox 202 2969 323 3044; x_wconf 85' lang='lat' dir='ltr'><strong>cognati</strong></span> <span class='ocrx_word' id='word_1_179' title='bbox 342 2968 486 3044; x_wconf 91' lang='lat' dir='ltr'><strong>appellati</strong></span> <span class='ocrx_word' id='word_1_180' title='bbox 505 2970 576 3025; x_wconf 90' lang='lat' dir='ltr'><strong>sunt</strong></span> <span class='ocrx_word' id='word_1_181' title='bbox 595 2969 681 3042; x_wconf 89' lang='lat' dir='ltr'><strong>quasi</strong></span> <span class='ocrx_word' id='word_1_182' title='bbox 700 2987 734 3025; x_wconf 85' lang='lat' dir='ltr'><strong>ex</strong></span> <span class='ocrx_word' id='word_1_183' title='bbox 752 2985 812 3026; x_wconf 95' lang='lat' dir='ltr'><strong>uno</strong></span> <span class='ocrx_word' id='word_1_184' title='bbox 832 2969 896 3024; x_wconf 85' lang='lat' dir='ltr'><strong>nati</strong></span> <span class='ocrx_word' id='word_1_185' title='bbox 915 2969 976 3041; x_wconf 92' lang='lat' dir='ltr'><strong>aut,</strong></span> <span class='ocrx_word' id='word_1_186' title='bbox 998 2970 1034 3025; x_wconf 94' lang='lat' dir='ltr'><strong>ut</strong></span> <span class='ocrx_word' id='word_1_187' title='bbox 1053 2966 1148 3025; x_wconf 85' lang='lat' dir='ltr'><strong>Labeo</strong></span> 
     </span>
     <span class='ocr_line' id='line_1_29' title="bbox 133 3055 967 3130; baseline -0.001 -16"><span class='ocrx_word' id='word_1_188' title='bbox 133 3057 186 3128; x_wconf 88' lang='lat' dir='ltr'><strong>ait,</strong></span> <span class='ocrx_word' id='word_1_189' title='bbox 211 3059 295 3130; x_wconf 89' lang='lat' dir='ltr'><strong>quasi</strong></span> <span class='ocrx_word' id='word_1_190' title='bbox 319 3074 471 3114; x_wconf 91' lang='lat' dir='ltr'><strong>commune</strong></span> <span class='ocrx_word' id='word_1_191' title='bbox 494 3057 636 3115; x_wconf 86' lang='lat' dir='ltr'><strong>nascendi</strong></span> <span class='ocrx_word' id='word_1_192' title='bbox 657 3057 777 3114; x_wconf 89' lang='lat' dir='ltr'><strong>initium</strong></span> <span class='ocrx_word' id='word_1_193' title='bbox 800 3055 967 3114; x_wconf 87' lang='lat' dir='ltr'><strong>habuerint.</strong></span> 
     </span>
    </p>
   </div>
   <div class='ocr_carea' id='block_1_16' title="bbox 134 3153 1152 3290">
    <p class='ocr_par' dir='ltr' id='par_1_17' title="bbox 134 3153 1152 3290">
     <span class='ocr_line' id='line_1_30' title="bbox 205 3153 1152 3225; baseline -0.002 -17"><span class='ocrx_word' id='word_1_194' title='bbox 205 3155 271 3225; x_wconf 60' lang='lat' dir='ltr'><strong>Die.</strong></span> <span class='ocrx_word' id='word_1_195' title='bbox 292 3159 338 3221; x_wconf 80' lang='lat'><strong>38,</strong></span> <span class='ocrx_word' id='word_1_196' title='bbox 351 3159 377 3221; x_wconf 83' lang='grc'><strong>8,</strong></span> <span class='ocrx_word' id='word_1_197' title='bbox 392 3160 447 3221; x_wconf 82' lang='grc'><strong>1,1</strong></span> <span class='ocrx_word' id='word_1_198' title='bbox 482 3153 620 3224; x_wconf 86' lang='lat' dir='ltr'><strong>Ulpianus</strong></span> <span class='ocrx_word' id='word_1_199' title='bbox 646 3154 718 3207; x_wconf 91' lang='lat' dir='ltr'><strong>libro</strong></span> <span class='ocrx_word' id='word_1_200' title='bbox 744 3153 980 3224; x_wconf 82' lang='lat' dir='ltr'><strong>quadragensimo</strong></span> <span class='ocrx_word' id='word_1_201' title='bbox 1009 3158 1089 3208; x_wconf 82' lang='lat' dir='ltr'><strong>sexto</strong></span> <span class='ocrx_word' id='word_1_202' title='bbox 1115 3154 1152 3206; x_wconf 88' lang='lat' dir='ltr'><strong>ad</strong></span> 
     </span>
     <span class='ocr_line' id='line_1_31' title="bbox 134 3225 793 3290; baseline 0.005 -13"><span class='ocrx_word' id='word_1_203' title='bbox 134 3225 266 3281; x_wconf 84' lang='lat' dir='ltr'><strong>edictum,</strong></span> <span class='ocrx_word' id='word_1_204' title='bbox 287 3258 320 3266; x_wconf 95' lang='grc'>-</span> <span class='ocrx_word' id='word_1_205' title='bbox 339 3241 430 3290; x_wconf 74' lang='lat' dir='ltr'><strong>cognati</strong></span> <span class='ocrx_word' id='word_1_206' title='bbox 449 3230 543 3280; x_wconf 88' lang='lat' dir='ltr'><strong>autem</strong></span> <span class='ocrx_word' id='word_1_207' title='bbox 563 3251 612 3288; x_wconf 79' lang='lat' dir='ltr'><strong>app.</strong></span> <span class='ocrx_word' id='word_1_208' title='bbox 627 3258 654 3265; x_wconf 96' lang='lat'><em>-</em></span> <span class='ocrx_word' id='word_1_209' title='bbox 667 3240 793 3280; x_wconf 75' lang='lat' dir='ltr'><strong>habuerint.</strong></span> 
     </span>
    </p>
   </div>
   <div class='ocr_carea' id='block_1_17' title="bbox 421 3353 862 3437">
    <p class='ocr_par' dir='ltr' id='par_1_18' title="bbox 421 3353 862 3437">
     <span class='ocr_line' id='line_1_32' title="bbox 421 3353 862 3437; baseline 0.002 -21"><span class='ocrx_word' id='word_1_210' title='bbox 421 3361 461 3417; x_wconf 87' lang='lat'><strong>13</strong></span> <span class='ocrx_word' id='word_1_211' title='bbox 486 3353 550 3437; x_wconf 75' lang='lat' dir='ltr'><strong>[Aa</strong></span> <span class='ocrx_word' id='word_1_212' title='bbox 566 3363 663 3432; x_wconf 74' lang='lat' dir='ltr'><strong>praet.</strong></span> <span class='ocrx_word' id='word_1_213' title='bbox 686 3360 762 3432; x_wconf 71' lang='lat' dir='ltr'><strong>offic.</strong></span> <span class='ocrx_word' id='word_1_214' title='bbox 784 3353 862 3437; x_wconf 81' lang='grc'><em>114]</em></span> 
     </span>
    </p>
   </div>
   <div class='ocr_carea' id='block_1_18' title="bbox 77 3464 1152 3635">
    <p class='ocr_par' dir='ltr' id='par_1_19' title="bbox 77 3464 1152 3635">
     <span class='ocr_line' id='line_1_33' title="bbox 202 3464 1151 3543; baseline 0.003 -22"><span class='ocrx_word' id='word_1_215' title='bbox 202 3464 280 3526; x_wconf 89' lang='lat' dir='ltr'><strong>iuter</strong></span> <span class='ocrx_word' id='word_1_216' title='bbox 301 3465 413 3524; x_wconf 90' lang='lat' dir='ltr'><strong>donum</strong></span> <span class='ocrx_word' id='word_1_217' title='bbox 437 3469 466 3524; x_wconf 89' lang='lat' dir='ltr'><strong>et</strong></span> <span class='ocrx_word' id='word_1_218' title='bbox 489 3485 596 3524; x_wconf 92' lang='lat' dir='ltr'><strong>munus</strong></span> <span class='ocrx_word' id='word_1_219' title='bbox 620 3466 674 3525; x_wconf 92' lang='lat' dir='ltr'><strong>hoc</strong></span> <span class='ocrx_word' id='word_1_220' title='bbox 697 3469 830 3540; x_wconf 90' lang='lat' dir='ltr'><strong>interest,</strong></span> <span class='ocrx_word' id='word_1_221' title='bbox 854 3465 933 3541; x_wconf 90' lang='lat' dir='ltr'><strong>quod</strong></span> <span class='ocrx_word' id='word_1_222' title='bbox 956 3466 1036 3524; x_wconf 88' lang='lat' dir='ltr'><strong>inter</strong></span> <span class='ocrx_word' id='word_1_223' title='bbox 1058 3483 1151 3543; x_wconf 85' lang='lat' dir='ltr'><strong>genus</strong></span> 
     </span>
     <span class='ocr_line' id='line_1_34' title="bbox 77 3544 1152 3635; baseline -0.002 -21"><span class='ocrx_word' id='word_1_224' title='bbox 77 3553 164 3576; x_wconf 56' lang='lat'><strong>⁴⁸*</strong></span> <span class='ocrx_word' id='word_1_225' title='bbox 193 3556 339 3635; x_wconf 79' lang='lat' dir='ltr'><strong>speciem3</strong></span> <span class='ocrx_word' id='word_1_226' title='bbox 374 3575 446 3616; x_wconf 89' lang='lat' dir='ltr'><strong>nam</strong></span> <span class='ocrx_word' id='word_1_227' title='bbox 478 3573 571 3635; x_wconf 83' lang='lat' dir='ltr'><strong>genus</strong></span> <span class='ocrx_word' id='word_1_228' title='bbox 603 3574 665 3616; x_wconf 87' lang='lat' dir='ltr'><strong>esse</strong></span> <span class='ocrx_word' id='word_1_229' title='bbox 695 3555 806 3614; x_wconf 85' lang='lat' dir='ltr'><strong>donum</strong></span> <span class='ocrx_word' id='word_1_230' title='bbox 835 3554 934 3614; x_wconf 91' lang='lat' dir='ltr'><strong>Labeo</strong></span> <span class='ocrx_word' id='word_1_231' title='bbox 966 3544 1152 3614; x_wconf 52' lang='lat' dir='ltr'><strong>a&#39;donando</strong></span> 
     </span>
    </p>
   </div>
   <div class='ocr_carea' id='block_1_19' title="bbox 0 0 1204 3824">
    <p class='ocr_par' dir='ltr' id='par_1_20' title="bbox 0 0 1204 3824">
     <span class='ocr_line' id='line_1_35' title="bbox 0 0 1204 3824; baseline 0 0"><span class='ocrx_word' id='word_1_232' title='bbox 0 0 1204 3824; x_wconf 95' lang='lat' dir='ltr'><strong> </strong></span> 
     </span>
    </p>
   </div>
  </div>
 </body>
</html>
