2400 3824
138 141 203 206 328
285 140 491 196 Grammaticae
510 141 611 194 aetatis
630 140 822 194 varronianae
841 140 1003 210 fragmenta

137 311 356 389 praelegebant.
373 343 414 351 —
429 312 542 386 primus
557 310 659 387 igitur,
676 312 820 385 quantum
836 311 1003 384 opinamur,
1023 309 1159 369 studium

99 416 125 456 ro
138 401 350 478 grammaticae
378 402 410 457 in
437 399 541 458 urbem
567 400 672 457 intulit
700 398 802 458 Crates
825 399 963 458 Mallotes
986 399 1159 458 Aristarchi

139 491 285 566 aequalis,
318 491 371 565 qui
400 488 506 548 missus
537 488 575 546 ad
605 492 741 546 senatum
775 488 811 546 ab
840 488 945 546 Attalo
976 507 1048 565 rege
1079 491 1159 548 inter

139 580 300 640 secundum
327 598 362 637 ao
391 580 514 636 tertium
541 578 688 636 Punicum
717 577 828 636 bellum
855 578 910 638 sub
938 577 1037 653 ipsam
1066 579 1159 636 Ennii

137 674 273 743 mortem,
297 687 364 727 cum
381 669 502 744 regione
520 667 632 725 Palatii
654 667 811 743 prolapsus
829 667 861 723 in
880 667 999 725 cloacae
1020 667 1158 727 foramen

139 778 206 818 crus
233 759 384 836 fregisset,
415 776 468 833 per
495 775 581 815 omne
608 756 769 832 legationis
797 757 887 814 simul
915 759 946 814 et
972 757 1158 817 valetudinis

99 863 124 903 rs
139 851 256 924 tempus
284 847 428 923 plurimas
457 845 585 905 acroasis
613 845 738 904 subinde
765 846 837 904 fecit
863 845 1040 922 assidueque
1066 846 1157 906 disse-

138 937 200 995 ruit
218 956 253 995 ac
266 935 375 994 nostris
393 936 527 1011 exemplo
541 934 601 993 fuit
615 934 652 992 ad
670 934 858 992 imitandum.
891 934 1036 994 hactenus
1056 939 1158 995 tamen

137 1027 259 1100 imitati,
277 1028 312 1083 ut
326 1026 459 1083 carmina
472 1045 579 1100 parum
598 1024 694 1082 adhuc
708 1024 863 1101 divolgata
881 1025 929 1083 rel
948 1024 1158 1084 defunctorum

139 1117 300 1174 amicorum
324 1115 372 1172 vel
402 1115 428 1173 si
451 1133 578 1189 quorum
606 1114 734 1172 aliorum
761 1113 949 1188 probassent,
978 1114 1158 1192 diligentius

139 1207 336 1264 retractarent
354 1221 389 1262 ao
403 1203 528 1280 legendo
547 1201 832 1278 commentandoque
847 1203 939 1262 etiam
958 1203 1066 1263 ceteris
1085 1207 1158 1263 nota

99 1296 284 1368 refecerant,
306 1295 341 1350 ut
361 1291 391 1352 Ο.
407 1290 550 1352 Octavius
566 1291 732 1368 Lampadio
746 1291 854 1351 Naevii
868 1291 1016 1350 Punicum
1036 1293 1158 1369 bellum,

140 1383 218 1459 quod
238 1402 298 1441 uno
317 1383 467 1440 volumine
486 1385 516 1440 et
535 1381 697 1440 continenti
722 1383 870 1457 scriptura
893 1381 1060 1457 expositum
1082 1383 1157 1442 divi·

139 1474 179 1531 sit
208 1474 240 1530 in
268 1473 381 1547 septem
410 1472 515 1544 libros3
548 1473 582 1529 ut
611 1473 715 1546 postea
742 1469 775 1539 Q.
799 1471 1001 1548 Vargunteius
1033 1473 1157 1532 annales

139 1563 238 1635 Ennii,
258 1579 331 1636 quos
346 1561 435 1620 certis
449 1560 552 1619 diebus
566 1561 598 1618 in
615 1579 726 1636 magna
740 1562 908 1634 frequentia
926 1563 1157 1637 pronuntiabat,

140 1655 173 1710 ut
192 1650 310 1710 Laelius
324 1649 488 1708 Archelaus
502 1649 681 1724 Vettiusque
699 1649 889 1708 Philocomus
907 1649 1020 1708 Lucilii
1039 1654 1156 1710 saturas

100 1757 125 1796 as
140 1740 297 1800 familiaris
322 1739 375 1798 sui.
396 1771 437 1779 -
456 1741 662 1798 instruxerunt
680 1741 883 1814 auxeruntque
907 1740 943 1797 ab
965 1742 1048 1798 omni
1070 1744 1156 1816 parte

140 1830 368 1908 grammaticam
399 1827 432 1886 L.
456 1828 560 1886 Aelius
592 1828 767 1887 Lanuvinus
800 1847 947 1905 generque
979 1827 1062 1888 Aelii
1096 1830 1156 1890 Ser.

141 1917 275 1992 Clodius,
304 1920 429 1994 uterque
453 1936 541 1992 eques
564 1918 715 1976 Romanus
742 1918 889 1992 multique
912 1935 947 1976 aa
970 1919 1048 1976 varii
1074 1921 1156 1978 etin

139 2009 274 2067 doctrina
298 2009 382 2065 etin
404 2026 436 2065 re
458 2006 579 2083 publica
601 2025 680 2065 usus.
717 2006 820 2066 Aelius
845 2009 1019 2083 cognomine
1043 2007 1157 2084 duplici

139 2097 210 2173 fuit3
243 2116 312 2155 nam
342 2099 372 2154 et
399 2096 613 2169 Praeconinus,
646 2096 724 2171 quod
754 2099 841 2171 pater
871 2098 933 2155 eius
963 2099 1157 2172 praeconium

99 2207 125 2245 eo
139 2188 264 2260 fecerat,
297 2185 468 2260 vocabatur,
501 2188 530 2244 et
559 2185 648 2260 Stilo,
682 2185 762 2260 quod
789 2187 938 2244 orationes
969 2185 1156 2245 nobilissimo

140 2278 245 2351 cuique
277 2275 404 2333 scribere
436 2274 562 2348 solebat,
601 2276 719 2333 tantum
752 2274 943 2351 optimatium
975 2275 1087 2351 fautor,
1124 2279 1157 2334 ut

139 2365 293 2423 Metellum
316 2364 510 2422 Numidicum
532 2367 564 2422 in
588 2364 724 2423 exsilium
747 2365 906 2423 comitatus
930 2365 977 2423 sit.
1026 2363 1157 2439 Servius,

140 2473 206 2513 oum
229 2453 338 2512 librum
362 2454 456 2513 soceri
479 2453 609 2512 nondum
634 2453 747 2511 editum
771 2453 874 2511 fraude
897 2454 1107 2529 intercepisset
1128 2457 1158 2513 et

140 2544 177 2602 ob
204 2544 260 2603 hoc
283 2542 457 2618 repudiatus
487 2543 599 2618 pudore
627 2561 662 2602 ac
689 2542 788 2601 taedio
819 2544 988 2601 secessisset
1011 2542 1050 2602 ab
1074 2544 1156 2618 urbe,

99 2652 124 2692 as
138 2634 170 2690 in
194 2632 344 2711 podagrae
367 2631 502 2690 morbum
529 2631 648 2706 incidit3
676 2633 758 2690 cuius
786 2633 936 2707 inpatiens
960 2651 1075 2691 veneno
1099 2633 1157 2692 sibi

139 2721 278 2798 perunxit
304 2721 394 2796 pedes
418 2723 448 2779 et
471 2721 587 2779 enecuit
609 2721 661 2796 ita,
689 2723 724 2778 ut
746 2723 831 2796 parte
855 2740 890 2779 ea
913 2721 1046 2796 corporis
1070 2721 1158 2798 quasi

139 2813 331 2887 praemortua
360 2811 483 2869 viveret.
530 2811 655 2885 posthac
684 2811 780 2888 magis
809 2829 843 2868 ae
872 2812 967 2887 magis
996 2813 1026 2868 et
1056 2811 1158 2888 gratia

140 2903 170 2958 et
193 2919 263 2958 cura
292 2901 366 2958 artis
388 2900 527 2974 increvit,
557 2901 592 2958 ut
618 2918 655 2957 ne
679 2899 837 2959 clarissimi
861 2899 980 2974 quidem
1007 2899 1067 2959 viri
1091 2901 1157 2960 abs·

140 2990 286 3048 tinuerint
312 3008 371 3063 quo
394 2989 491 3047 minus
515 2991 545 3047 et
567 2988 626 3065 ipsi
650 2988 764 3064 aliquid
788 2987 823 3046 de
847 3007 882 3048 ea
905 2988 1082 3063 seriberent,
1111 2994 1157 3049 ut-

100 3099 126 3138 ro
141 3098 197 3154 que
221 3078 404 3153 temporibus
432 3077 609 3152 quibusdam
633 3096 721 3152 super
747 3078 858 3154 viginti
880 3079 1008 3137 celebres
1036 3079 1156 3138 scholae

140 3169 232 3226 finisse
250 3168 282 3224 in
300 3166 373 3224 urbe
391 3166 557 3240 tradantur,
580 3169 679 3242 pretia
697 3186 767 3225 vero
786 3167 1051 3243 grammaticorum
1069 3171 1157 3228 tanta

140 3256 347 3332 mercedesque
365 3258 428 3314 tam
446 3275 582 3333 magnae,
605 3259 640 3314 ut
657 3259 772 3315 constet
790 3256 946 3315 Lutatium
965 3257 1157 3333 Daphnidem

140 3345 399 3421 —septingentis
422 3346 542 3404 milibus
565 3366 720 3404 nummum
743 3364 761 3402 a
780 3345 813 3415 Q.
834 3344 940 3405 Catulo
964 3349 1100 3422 emptum
1123 3366 1156 3406 ac

138 3435 222 3494 brevi
245 3435 467 3510 manumissum,
492 3435 523 3492 L.
542 3434 704 3511 Apuleium
723 3435 760 3494 ab
778 3434 890 3495 Aeficio
910 3433 1035 3495 Calvino
1056 3436 1156 3512 equite

66 3524 267 3599 ,aldemano
301 3524 477 3605 praedivite
516 3525 729 3605 quadringenis
763 3526 870 3584 annuis
905 3523 1086 3585 conductum
1121 3529 1156 3585 ut
