2400 3824
138 177 204 240 314)
287 176 494 230 Grammaticus
513 175 616 230 aetatis
637 175 827 230 Varronianus
845 175 1009 244 fragmenta
1072 209 1077 220 ·

137 346 265 406 iambico
297 348 392 404 metro
424 347 648 421 praeponuntur
678 346 708 403 et
735 343 770 401 fit
799 361 902 404 versus
932 343 1022 402 talisr
1057 337 1155 418 ‘pater

106 466 107 470 κ
137 453 220 493 meus
243 435 343 494 dicens
367 434 498 493 docendo
522 435 574 508 qui
598 433 683 492 docet
706 433 780 491 dicit
802 427 931 492 docens'.

209 535 302 588 Diom.
317 551 347 603 p.
364 538 426 600 515,
440 538 459 587 9
477 547 645 587 octonarius-
660 547 747 588 docens.

209 647 225 694 2
244 657 359 710 propon.
451 646 467 693 3
487 640 582 694 diceus
601 657 649 694 em.
670 657 703 693 erc
721 640 824 694 docens
843 639 919 693 codd.

564 813 631 869 292
654 803 725 888 [re]

204 913 283 995 (ex)
301 917 430 976 iambico
453 936 563 975 novum
582 935 701 975 carmen
719 918 812 976 refert
827 917 932 989 Varro,
956 917 1043 975 cuius
1064 935 1156 975 exem-

138 1008 220 1083 plum
245 1009 291 1066 est
312 1007 386 1065 tale:
413 1001 529 1082 ‘pedem
553 1006 785 1081 rhythmumque
808 999 895 1063 finit'.
942 1006 968 1064 si
992 1005 1089 1064 addas
1112 1005 1156 1062 hic

138 1114 214 1171 quae
238 1095 373 1154 detracta
396 1098 465 1155 sunt
489 1115 523 1153 ex
546 1095 682 1170 iambico,
706 1096 832 1154 eundem
854 1093 1015 1152 iambicum
1040 1094 1155 1171 supple-

137 1185 183 1243 bis
207 1185 262 1244 sic:
293 1179 409 1261 ‘pedem
436 1184 669 1260 rhythmumque
691 1184 758 1242 finit
782 1185 844 1243 alta
866 1177 1010 1242 navium'.
1060 1185 1157 1260 potest

111 1275 193 1333 shoc
217 1293 332 1334 comma
359 1274 419 1332 tale
444 1293 506 1332 esse
530 1274 618 1350 quale
642 1274 717 1332 illud
747 1268 826 1351 [Ter.
849 1275 906 1332 hec.
927 1267 1007 1352 349]
1039 1268 1156 1331 ‘Philu-

137 1383 242 1421 menae
265 1358 402 1436 dolores’,
425 1362 505 1438 quod
529 1366 573 1422 est
597 1383 631 1421 ex
654 1362 781 1421 iambico
805 1364 983 1438 septenario

210 1463 301 1516 Dio‘m.
318 1479 348 1530 p.
368 1466 431 1528 518,
448 1468 481 1517 14
500 1461 572 1535 (ex)
586 1476 684 1516 iambico
698 1494 725 1500 -
738 1475 869 1524 septenario.

211 1574 278 1621 lex
292 1587 342 1624 om.
357 1569 434 1624 codd.
484 1567 686 1622 iambionicum
702 1570 865 1624 Lachmann
937 1567 1050 1636 sphyl.
1068 1569 1156 1623 Paris.

139 1643 211 1694 7493
231 1642 343 1695 Monac.

564 1776 631 1833 293
671 1776 712 1831 77

204 1880 427 1940 Archilochium
447 1881 546 1964 ¹Varro
583 1767 668 1939 ssludl
691 1767 765 1940 dicit
803 1880 881 1956 quod
896 1952 899 1956 ἢ
913 1882 958 1938 est
990 1881 1071 1938 tale:
1109 1874 1157 1938 ‘ex

137 1969 274 2028 litoribus
298 1973 491 2046 properantes
513 1970 641 2040 navibus
664 1964 826 2028 recedunt’.

211 2070 301 2124 Diom.
320 2087 347 2138 p.
363 2073 424 2135 515,
439 2074 474 2123 19
495 2081 664 2124 Archilochium
679 2101 705 2108 —
719 2083 833 2122 recedunt.

534 2239 629 2297 *294
654 2231 757 2317 [sees]

205 2347 371 2403 structurae
382 2345 543 2420 qualitates
553 2345 645 2404 variis
661 2345 812 2404 vocabulis
822 2344 989 2403 traduntur.
1023 2345 1157 2404 statuen-

138 2433 209 2491 dum
233 2453 349 2509 quoque
374 2437 418 2493 est
441 2453 499 2510 quo
523 2452 672 2510 quamque
696 2453 798 2492 earum
820 2435 939 2491 nomine
962 2433 1156 2508 appellemus,

138 2525 164 2581 si
191 2523 392 2598 paenultimus
421 2525 513 2582 fuerit
543 2519 725 2599 pyrrichius,
758 2524 870 2598 optime
900 2521 1031 2582 succedit
1060 2542 1158 2598 paeon

137 2611 260 2687 primus,
287 2615 317 2671 et
340 2615 397 2672 erit
420 2616 571 2672 structura
595 2612 755 2689 quadrata3
785 2614 811 2671 si
833 2611 1037 2688 paenultimus
1065 2612 1158 2671 fuerit

111 2701 286 2777 espondeus
319 2706 349 2761 et
381 2704 555 2762 successerit
591 2702 758 2778 tribrachys
795 2703 843 2761 vel
879 2701 1062 2777 pyrrichius,
1102 2701 1158 2759 erit

138 2793 289 2850 structura
311 2792 420 2866 incisa,
444 2793 469 2851 si
492 2791 693 2867 paenultimus
716 2791 808 2849 fuerit
829 2791 998 2866 tribrachys
1017 2791 1066 2848 vel
1087 2810 1157 2866 pyr·

137 2881 248 2939 richius
273 2883 302 2939 et
324 2900 453 2957 paeones
477 2882 670 2940 successerint
691 2882 805 2956 primus
830 2884 860 2937 et
882 2879 1072 2954 novissimus,
1102 2881 1158 2938 erit

139 2971 264 3044 antiqua
293 2971 451 3044 structura,
479 2989 555 3045 quae
584 2971 695 3028 dicitur
722 2968 907 3046 confragosa,
934 2987 994 3044 qua
1017 2987 1090 3027 usus
1114 2971 1158 3027 est

139 3057 227 3133 Cat03
256 3060 281 3117 si
304 3059 336 3116 in
358 3060 543 3135 paenultimo
566 3058 734 3134 tribrachys
762 3058 853 3116 fuerit
875 3057 924 3117 vel
947 3057 1086 3133 dactylus
1110 3058 1158 3116 vel

99 3168 124 3207 ιο
138 3147 306 3223 pyrrichius
337 3152 367 3206 et
394 3149 569 3208 successerit
596 3147 645 3206 vel
673 3148 840 3223 tribrachys
864 3147 911 3204 vel
938 3145 1086 3206 molossus
1110 3147 1157 3206 vel

139 3235 307 3313 pyrrichius
330 3239 378 3296 vel
401 3240 589 3313 anapaestus,
619 3238 675 3296 erit
699 3238 849 3296 structura
873 3254 948 3311 quae
971 3235 1020 3295 vel
1044 3235 1157 3295 delum·

138 3326 185 3384 bis
203 3326 251 3384 vel
274 3327 353 3384 fluxa
372 3328 420 3386 vel
442 3326 541 3386 mollis
563 3327 682 3400 dicitur,
705 3345 766 3400 qua
784 3344 855 3384 usus
879 3324 989 3382 dicitur
1005 3323 1156 3385 Antonius

138 3434 241 3474 maror.

87 3566 93 3575 ,
202 3514 299 3572 Biora.
315 3533 346 3588 p.
363 3518 427 3585 471,
442 3518 477 3571 31
496 3532 620 3572 suasum
632 3545 659 3554 —
674 3526 784 3568 saunas
796 3528 873 3568 maror.
901 3512 936 3579 cf.
956 3513 993 3568 id.
1006 3530 1036 3582 p.
1051 3518 1117 3580 468,
1132 3518 1154 3568 1.

63 3576 73 3603 ¹
116 3587 199 3647 Mar.
226 3591 303 3650 Por.
330 3591 395 3650 Suc.
412 3609 442 3668 p.
459 3594 526 3663 492,
541 3593 589 3649 27.
626 3587 723 3658 Ruta.
741 3602 769 3658 p.
783 3588 943 3654 5t7,30su.
970 3585 1072 3654 traua,
1091 3585 1152 3643 aot.
