2400 3824
132 179 198 246 458
298 176 503 231 Grammaticae
523 176 625 231 aetatis
645 177 806 246 Augusteae
824 175 987 247 fragmenta

476 394 512 458 Β.
535 392 810 460 FRAGMENTA

513 551 770 606 EPISTULARUM

539 688 557 744 1
583 679 616 764 [1
637 679 741 764 Heite]

325 802 460 857 PLURIA
478 801 556 856 NON
574 801 696 856 PLUltA
714 800 788 856 DIOI
806 800 951 856 DEBERE

199 937 232 994 in
255 954 290 994 ea
313 937 442 1012 epistula
468 938 599 994 rationes
627 935 837 1013 grammaticas
860 935 971 1010 posuit,
998 953 1056 1010 per
1079 949 1150 1008 quas

133 1025 220 1084 docet
250 1019 387 1104 [Siuuius
412 1019 527 1104 Capito]
560 1025 660 1101 pluria
687 1024 830 1082 Latinum
857 1041 932 1098 esse,
965 1023 1059 1100 plura
1085 1022 1150 1081 bar-

132 1115 246 1173 barum.
271 1147 313 1154 -
341 1115 441 1190 pluria
464 1115 527 1173 sive
554 1114 642 1189 plura
672 1113 842 1172 absolutum
870 1131 933 1171 esse
956 1115 988 1170 et
1015 1111 1150 1187 simplex,

131 1223 191 1263 non
214 1234 258 1244 —
281 1204 526 1279 comparativum.

206 1302 274 1356 Geli,
290 1305 316 1367 5,
329 1306 375 1368 21,
391 1306 453 1370 deq.
471 1301 572 1356 doceas
588 1318 639 1355 nos
654 1317 703 1354 cur
716 1300 811 1369 pluria
825 1300 882 1354 sive
897 1299 1066 1369 compluria,
1080 1296 1150 1352 nihil

133 1372 209 1426 enim
223 1371 326 1439 differt,
343 1390 400 1427 non
414 1372 503 1425 latine
518 1373 567 1427 sed
581 1372 700 1426 barbare
715 1372 838 1425 dixerint
851 1371 888 1424 M.
904 1370 974 1425 (lato
988 1371 1037 1442 [fr.
1049 1375 1086 1426 24
1096 1370 1150 1441 P.]‚

132 1443 164 1508 Q.
184 1441 318 1498 Claudius
342 1444 389 1524 [fr.
405 1448 442 1498 90
451 1444 506 1515 P.],
529 1443 659 1498 Valerius
683 1443 782 1496 Antias
808 1443 855 1514 [fr.
872 1442 974 1513 65P.],
1002 1441 1033 1496 L.
1054 1442 1149 1496 Aelius

131 1515 179 1586 [fr.
195 1515 251 1597 48],
270 1514 299 1568 P.
314 1514 448 1584 Nigidius
468 1515 515 1586 [fr.
530 1516 586 1587 41],
605 1514 642 1570 Μ.
652 1514 742 1568 Varro
762 1515 839 1586 [adu.
852 1521 917 1584 post
930 1516 967 1581 fr.
978 1513 1057 1585 264J,
1082 1531 1149 1581 quos

131 1585 333 1655 subscnptores
366 1586 624 1656 approbatoresque
651 1585 735 1640 huius
762 1585 840 1640 verbi
871 1584 1008 1639 habemus
1039 1587 1150 1654 praeter

129 1658 277 1725 poetarum
291 1659 489 1725 oratorumque
503 1660 628 1712 veterum
643 1657 761 1710 multam
776 1657 894 1726 copiam.
904 1689 932 1696 -
943 1657 1002 1709 tum
1016 1655 1068 1711 ille
1083 1657 1149 1711 ami-

131 1745 179 1782 cus
193 1731 289 1783 noster
301 1751 347 1782 —:
364 1728 477 1796 ‘Sinni’,
492 1729 586 1798 inquit
602 1728 758 1798 ‘Capitonis
773 1727 930 1782 doctissimi
943 1728 997 1781 viri
1011 1727 1149 1796 epistulae

132 1803 198 1853 sunt
215 1817 271 1854 uno
290 1801 320 1854 in
338 1800 410 1854 libro
424 1799 531 1854 multae
545 1800 655 1870 positae
670 1800 770 1868 opinor
782 1800 813 1854 in
826 1799 933 1868 templo
947 1799 1040 1854 Pacis.
1060 1800 1149 1869 prima

133 1871 256 1940 epistula
274 1872 380 1940 scripta
398 1873 441 1925 est
460 1872 496 1925 ad
513 1871 666 1925 Pacuvium
684 1870 856 1938 Labeonem,
881 1871 925 1924 cui
948 1870 1053 1925 titulus
1071 1887 1149 1940 prae·

133 1942 254 2012 scriptus
274 1945 317 1996 est
329 1943 446 2012 “pluria
460 1960 515 1997 non
530 1942 612 2012 plura
626 1942 683 1996 dici
698 1942 834 1997 debere’'.
866 1957 891 1996 in
905 1967 932 1997 ea
945 1957 1045 2005 epistula
1058 1975 1085 1983 -
1098 1959 1150 1998 tax·

132 2030 219 2068 uarum.
256 2015 293 2068 ad
317 2013 481 2083 Capitonem
504 2015 593 2084 igitur
615 2015 644 2068 te
668 2015 845 2068 dimittimus.
883 2030 917 2067 ex
935 2031 968 2068 eo
987 2013 1020 2068 id
1039 2031 1149 2082 quoque

134 2085 218 2139 simul
243 2086 347 2154 disces,
376 2086 400 2138 si
425 2086 508 2139 modo
537 2085 649 2154 assequi
673 2087 793 2154 poteris,
821 2086 896 2154 quod
919 2085 949 2138 in
973 2101 1007 2138 ea
1027 2085 1150 2155 epistula

131 2157 268 2226 scriptum
282 2160 333 2224 est,
353 2172 428 2220 pluria
441 2189 469 2196 -
481 2184 534 2223 non,
552 2159 585 2210 ult
598 2156 652 2210 ilbi
666 2158 787 2223 Videtur,
805 2157 1003 2220 comparativum’.
1028 2159 1151 2213 citatius

134 2229 219 2283 Gellii
239 2230 339 2298 capitis
356 2246 463 2283 summu
481 2247 515 2283 eu
533 2229 632 2283 Siuuio
650 2236 760 2299 sumpta
778 2235 824 2296 est,
843 2235 875 2283 ut
888 2229 969 2298 culpo
982 2229 1150 2294 conceditur,

131 2300 276 2369 Siculique
304 2301 430 2367 heutua
458 2301 591 2355 traditum
618 2301 754 2355 iudicium
781 2301 814 2354 de
836 2299 954 2370 Nipidio
977 2306 1003 2354 et
1028 2301 1150 2356 Verrem

130 2372 272 2438 babemus,
300 2371 372 2440 quod
398 2389 485 2441 supra
510 2373 543 2426 de
567 2378 655 2426 aetate
682 2373 804 2426 uiximus
831 2373 934 2442 eprepie
960 2372 1149 2438 confirmatur.

131 2459 161 2496 eo
179 2444 283 2497 cecedit
305 2445 377 2512 quod
395 2445 537 2498 Pacuuius
554 2443 656 2510 Labeo,
679 2445 725 2497 eui
748 2444 866 2512 epistula
883 2443 987 2512 scriptu
1005 2449 1055 2510 est,
1068 2450 1151 2512 pater

131 2515 251 2568 Autistii
268 2515 325 2580 fuit
338 2515 476 2583 Brutique
490 2517 595 2570 cinicus
613 2521 639 2569 et
657 2515 768 2586 leputus.
788 2515 821 2568 (le
833 2514 917 2569 buius
934 2514 1011 2568 utodi
1025 2515 1151 2584 epistulis

131 2585 165 2651 cf.
187 2586 274 2640 Varro
293 2592 318 2640 et
339 2587 404 2640 Tiro
422 2602 518 2655 supra,
541 2586 619 2656 Valp.
640 2587 708 2652 Ruf.
728 2586 814 2653 iufra.

198 2826 431 2884 soloecismus
452 2827 506 2884 est
523 2828 638 2900 impar
655 2829 761 2900 atque
779 2825 1041 2884 inconveniens
1058 2844 1150 2886 com·

130 2915 297 2989 positura
319 2916 478 2990 partium
501 2914 688 2974 orationis.

205 3012 273 3066 Geli.
289 3016 314 3079 5,
328 3017 404 3078 20,1
424 3012 604 3066 soloecismus
627 3013 729 3066 Latino
752 3012 887 3067 vocabulo
911 3029 928 3066 a
947 3012 1048 3067 Sinnio
1068 3013 1149 3084 Capi·

132 3085 198 3136 tone
213 3083 393 3150 eiusdemque
409 3083 512 3137 aetatis
527 3083 590 3137 aliis
605 3083 765 3154 inparilitas
778 3083 936 3153 appellatus
944 3086 1150 3140 vetustioribus

132 3154 239 3206 Latinis
265 3154 405 3224 stribiligo
432 3155 579 3208 dicebatur
603 3172 621 3208 a
643 3171 769 3221 versura,
795 3155 927 3210 videlicet
952 3157 982 3210 et
1005 3156 1150 3225 pravitate

129 3226 273 3279 tortuosae
292 3225 427 3280 orationis
446 3229 591 3294 tamquam
610 3225 757 3296 strobiligo
772 3227 918 3294 quaedam.
951 3228 1029 3296 quod
1046 3227 1151 3282 vitium

132 3295 244 3349 Sinnius
273 3297 372 3366 Capito
400 3298 430 3350 in
456 3297 572 3364 litteris,
601 3314 672 3366 quas
698 3299 735 3352 ad
758 3297 887 3352 Clodium
910 3297 1035 3352 Tuscum
1061 3299 1150 3366 dedit,

128 3367 209 3422 bisce
223 3368 315 3424 verbis
330 3369 441 3424 definit:
460 3383 603 3424 soloecismus
617 3387 649 3424 est
662 3370 756 3437 lnquit
769 3384 842 3432 impar
855 3402 882 3409 -
896 3383 1010 3424 orationis„
1030 3371 1066 3438 cf.
1077 3374 1150 3426 Aur.

122 3440 206 3512 Opill.
231 3444 270 3514 fr.
286 3447 333 3501 17.
372 3444 407 3501 de
426 3443 523 3502 clodio
545 3441 633 3498 Tusco
655 3443 735 3508 iufra
755 3458 785 3508 p.
798 3445 861 3493 dot.
893 3441 926 3492 isc
944 3442 1035 3496 uerbis
1052 3442 1151 3497 sinnii

104 3517 310 3579 soloecismum
321 3538 379 3595 pro
395 3519 588 3593 iiupouilitute
597 3533 616 3570 a
626 3513 717 3568 Gellio
732 3513 863 3577 scriptum
871 3524 926 3561 esse
937 3512 1162 3573 manutentum

98 3592 222 3668 colleyit
243 3598 341 3657 Hertz
354 3616 391 3673 p.
410 3600 448 3654 27
472 3593 545 3651 adu.
562 3593 610 3646 28.
