2400 3824
137 180 203 244 320
290 178 495 234 Grammaticus
514 180 615 233 aetatis
633 179 824 233 varronianae
842 179 1008 250 fragmenta

135 341 273 395 laudandi
291 341 385 411 gratia
408 343 539 394 cantatur
562 340 597 394 ad
621 340 722 394 tibiam
742 341 791 411 [ad
809 339 896 395 tibias
920 342 951 396 et
973 340 1048 395 fides
1073 340 1155 396 Varro

136 413 169 467 de
182 415 228 467 cit.
240 431 269 481 p.
282 414 316 467 R.
327 431 371 481 ap.
383 414 456 467 Noa.
469 430 498 481 p.
509 416 571 478 145,
581 412 638 483 28].
655 445 681 451 -
695 412 811 480 qnidam
826 412 907 466 aiunt
921 412 1028 466 neniae
1043 413 1155 466 ductum

136 501 237 539 nomen
252 484 287 536 ab
303 484 419 538 extremi
433 482 560 536 intestini
576 482 724 549 vocabulo;
744 483 843 538 Graeci
857 484 934 538 enim
949 481 1056 539 νέατον
1071 486 1155 538 exne-

136 574 214 610 mum
233 556 344 621 dicum,
364 556 422 609 sive
441 556 517 624 quod
536 555 704 608 chordarum
723 554 824 608 ultima
842 555 911 624 νήτη
932 555 1052 622 dicitur,
1071 558 1155 609 extre·

136 643 212 681 mam
231 627 370 681 cantionis
386 643 480 681 vocem
500 626 613 680 neniam
632 625 818 694 appellarunt.
853 627 1007 682 Varronem
1021 633 1155 682 auctorem

136 701 248 768 apacati
261 700 469 768 AAapastiaas
488 699 532 768 (cf.
550 697 693 752 OMaeller
707 699 745 752 ad
757 699 831 752 baac
844 699 910 767 loc.).
944 700 1108 768 ceteroquin
1124 698 1154 764 ef.

136 771 253 824 Procius
275 771 410 825 chrestora.
431 775 456 824 6.
497 770 583 824 Sobel.
608 770 693 824 Diua.
722 770 788 825 Thr.
802 787 834 839 p.
854 774 917 836 750,
936 775 981 824 10.
1004 775 1040 825 17
1047 787 1089 839 aq.
1128 770 1156 823 dc

137 842 280 896 Diomedis
298 849 407 896 suamc
425 843 613 896 auctoribaccc
631 843 663 894 ia
681 848 738 896 teta
759 841 802 895 ‘dc
822 842 1007 910 poematibas'
1033 843 1155 911 diepam·

136 915 209 967 tioae
223 914 276 966 alii
289 914 348 966 aba
361 914 496 967 sententia
509 914 720 981 disputaverant
734 914 778 981 (cf.
789 915 952 982 praesertim
974 914 1080 968 Usener
1093 913 1155 968 aa.

133 1002 162 1053 p.
177 989 319 1052 614—22;
337 985 448 1050 Kalbel,
467 985 573 1054 Proley.
592 984 657 1052 aspi
673 981 820 1053 κωμωδίας
840 984 911 1038 aaa.
926 985 1001 1040 Abh.
1016 985 1057 1039 N.
1070 984 1107 1039 F.
1125 985 1157 1038 Ii

136 1061 161 1110 4.
182 1060 264 1111 1898.
296 1073 327 1124 p.
343 1060 386 1109 19.
405 1060 487 1123 28sq.
515 1059 631 1109 49-52,
661 1059 704 1109 54.
733 1059 837 1123 64qu
869 1056 991 1124 mihique
1024 1057 1155 1126 optimum

136 1129 224 1182 uisam
250 1134 289 1181 est
312 1129 385 1182 iuter
413 1128 568 1197 srapmeata
591 1144 623 1180 ea
648 1127 708 1181 sola
730 1129 854 1195 recepere,
879 1128 912 1181 dc
935 1127 1039 1195 quibus
1058 1135 1155 1182 νοτίων

136 1199 271 1253 tmuium
289 1199 423 1253 habemas.
457 1200 489 1253 de
509 1199 628 1253 ‘satura’
649 1200 683 1264 cf.
703 1201 740 1251 acl
757 1199 794 1264 fr.
810 1203 852 1253 52.

209 1305 279 1358 bob
353 1305 449 1359 eodem
468 1307 560 1359 Paris.
582 1309 654 1359 7493
726 1303 896 1374 elegiacam.
917 1305 1043 1360 Rabbow

203 1545 367 1622 tragoedia,
390 1548 426 1604 ut
450 1545 580 1620 quidam,
604 1565 621 1602 a
644 1543 739 1627 τράγῳ
763 1547 794 1602 et
815 1537 876 1627 ᾠδῇ
900 1545 983 1605 dicta
1003 1548 1063 1621 est,
1087 1565 1154 1622 quo·

137 1635 219 1692 niam
248 1635 320 1693 olim
349 1635 499 1694 actonbus
526 1636 650 1712 tragicis
676 1633 782 1712 τράγος
812 1634 844 1691 id
871 1636 916 1692 est
942 1635 1047 1695 hircus
1075 1653 1153 1712 prae·

136 1725 229 1782 mium
249 1727 353 1783 cantus
372 1723 603 1800 proponebatur,
622 1725 675 1799 qui
687 1722 874 1781 Liberalibus
889 1723 937 1782 die
954 1725 1034 1782 festo
1049 1724 1152 1783 Libero

136 1815 218 1890 patri
240 1813 278 1873 ob
300 1814 357 1872 hoc
378 1815 478 1888 ipsum
501 1811 722 1887 immolabatur,
748 1814 828 1888 quia,
851 1815 886 1870 ut
908 1813 1005 1871 Varro
1031 1815 1086 1889 ait,
1109 1813 1152 1872 de-

110 1905 264 1978 spaseunt
285 1902 386 1962 vitem.

209 2003 302 2056 Diam.
317 2005 424 2070 pam,
440 2006 473 2055 11
491 2001 639 2071 tragoedia
658 2002 701 2054 est
718 2000 848 2054 heroicae
866 1999 996 2054 fortunae
1015 2000 1048 2054 in
1063 2002 1152 2055 adver·

137 2073 175 2126 sis
196 2072 405 2141 conprehensio.
443 2073 672 2140 aTheophrasto
699 2071 741 2125 ita
771 2071 887 2127 definita
914 2075 969 2126 est:
999 2069 1152 2144 (τραγῳδία

138 2144 211 2198 ἐστὶν
234 2143 357 2213 ἡρωϊκῆς
379 2144 463 2214 τύχης
485 2142 665 2212 περίστασις’.
697 2158 814 2207 tragoedia
827 2175 853 2182 —
867 2157 945 2208 aum,
970 2144 999 2196 et
1020 2143 1152 2198 Horatius

137 2215 167 2268 in
193 2217 252 2268 arte
278 2214 390 2284 poetica
415 2216 494 2286 [220]
521 2248 553 2255 -
577 2218 605 2269 et
629 2214 771 2283 Vergilius
797 2215 825 2268 in
851 2214 1004 2340 georgicon
1032 2215 1151 2270 secundo

137 2287 217 2357 [380]
237 2318 279 2339 -.
308 2285 357 2340 alii
376 2287 470 2339 autem
488 2289 591 2355 putant
610 2303 627 2339 a
645 2287 731 2354 faece,
751 2301 837 2354 quam

137 2357 225 2426 τρύγα
244 2357 398 2426 appellant,
417 2358 593 2426 tragoediam
611 2358 794 2424 nominatam,
813 2357 1066 2426 permutationem
1080 2357 1152 2411 litte

136 2444 230 2482 rarum
249 2450 266 2482 ν
284 2429 314 2481 in
333 2451 352 2482 α
365 2446 452 2494 versa,
473 2428 606 2497 quoniam
621 2428 688 2484 olim
702 2430 827 2482 nondum
840 2427 966 2498 personis
981 2443 999 2480 a
1013 2428 1153 2498 Thespide

137 2500 255 2569 repertis
269 2500 340 2554 tales
355 2501 466 2554 fabulas
481 2500 609 2570 peruncti
624 2517 673 2554 ora
684 2500 811 2554 faecibus
826 2499 984 2570 agitabant,
997 2501 1032 2554 ut
1045 2517 1153 2555 rursum

137 2582 180 2626 est
198 2571 331 2626 Horatius
355 2573 436 2626 testis
460 2573 501 2625 sic
520 2573 588 2644 [ΑΡ
603 2573 754 2643 275-77].
774 2604 807 2612 -
832 2571 882 2625 alii
905 2571 966 2644 <a>
989 2571 1057 2626 vino
1081 2571 1152 2626 arbi-

137 2645 255 2708 trantur,
278 2646 426 2712 propterea
445 2643 564 2715 (quod)
584 2643 651 2698 olim
668 2643 734 2710 τρύξ
758 2642 951 2710 dictitabatur,
975 2658 992 2696 a
1016 2660 1073 2712 quo
1092 2642 1153 2711 aab·

137 2732 222 2784 γητος
245 2715 385 2784 hodieque
407 2716 549 2770 vindemia
572 2717 627 2782 cst,
653 2715 721 2784 quia
743 2713 919 2768 Liberalibus
942 2715 1020 2782 apud
1044 2715 1153 2768 Atticos

138 2786 183 2840 die
201 2785 273 2841 festo
292 2787 386 2840 Liberi
404 2787 493 2855 patris
511 2787 608 2841 vinum
622 2786 782 2840 cantoribus
796 2802 847 2855 pro
862 2783 1009 2840 corollario
1024 2785 1153 2851 dabatru,

138 2857 216 2912 cuius
225 2858 267 2911 rei
276 2859 357 2912 testis
369 2862 411 2912 cst
420 2858 544 2912 Lucilius
554 2858 584 2910 in
594 2858 759 2912 duodecimo
770 2858 836 2928 [437
848 2856 930 2928 Μα.].
953 2858 988 2925 cf.
1001 2857 1092 2912 Varro
1101 2875 1124 2912 r.
1131 2877 1152 2913 r.

137 2934 203 2997 1,2‚
219 2934 262 2984 19.
295 2931 376 2984 Prob.
406 2930 484 3000 Vcrp.
509 2945 598 3000 peorp.
621 2934 649 2996 2,
669 2933 815 2984 380-84.
856 2929 961 2983 Tectam
983 2929 1048 2998 aspi
1074 2933 1152 2997 διαφ.

136 3019 228 3070 acuar.
248 3005 343 3070 119sq.
366 3001 472 3055 -Glossa
490 3002 594 3071 etymol.
613 3002 752 3071 mapae'p.
769 3004 870 3066 764,1.
899 3000 1026 3054 Eaaatb.
1046 3001 1079 3054 de
1097 3002 1152 3068 fab.

137 3077 163 3138 1,
176 3076 203 3127 2.
239 3073 343 3126 Dcaat.
363 3073 395 3126 de
418 3072 532 3126 comoed.
553 3076 577 3138 5,
594 3076 611 3126 7
620 3073 705 3126 Kaib.
742 3072 811 3126 Isia.
836 3087 874 3126 or.
895 3075 922 3136 8,
938 3075 964 3136 7,
979 3073 1005 3126 5.
1038 3073 1153 3140 fortasse

137 3159 227 3198 omncs
245 3144 421 3198 cicadationes
439 3162 457 3198 a
481 3145 602 3198 Varrone
620 3144 778 3212 repetendae
794 3148 868 3198 aare.

875 2301 1022 2340 raecornm
1039 2286 1152 2356 quidam

209 3256 224 3302 2
244 3249 405 3303 auctoribus
478 3256 494 3302 4
512 3251 596 3318 ipsud

608 3384 674 3442 305

201 3489 355 3551 comoedia
378 3491 459 3552 dicta
483 3487 540 3552 dab
563 3498 623 3550 τῶν
641 3498 759 3569 κωμῶν,
782 3498 879 3568 κῶμαι
902 3491 982 3550 enim
1001 3492 1151 3569 appellan-

117 3582 172 3639 tur
188 3584 271 3663 pagi
292 3583 328 3645 id
352 3587 401 3647 est
425 3583 644 3646 conventicula
668 3581 869 3654 rusticorum,
891 3581 997 3652 inausa
1014 3582 1149 3639 inssnbn
