2400 3824
104 165 146 228 82
286 165 492 220 Grammaticus
512 164 761 220 anlevurroniunae
780 165 940 236 fragmenta

119 361 120 364 =
180 327 267 380 Varro
291 327 324 380 cle
343 328 359 381 l.
380 326 413 379 L.
434 330 619 394 7,103-104
642 326 733 380 mulie
756 326 792 380 ab
817 325 983 380 animalium
1005 324 1121 380 vocibus

102 396 208 450 tralata
227 397 256 449 in
275 397 410 463 homines,
429 398 588 466 partimque
608 401 673 451 suni
692 400 798 466 aperte,
817 398 922 466 partim
941 397 1060 451 obscura
1079 429 1121 451 -.

102 468 194 521 minus
215 471 313 537 aperte
331 469 423 522 Porcii
442 470 478 523 ab
498 469 577 538 lupo:
597 485 640 524 v01.
655 485 685 523 ul.

289 779 589 867 VOLOAOIUS
623 779 928 867 SEDIGITUS

445 969 483 1033 A.
507 966 776 1033 TESTIMONIA

102 1055 213 1108 virm

175 1169 197 1217 1.
227 1164 260 1217 cle
284 1165 394 1217 uomiue
416 1180 468 1232 per
491 1180 518 1229 c,
546 1180 603 1217 mom
625 1179 675 1230 per
701 1169 712 1216 l
735 1163 875 1217 scribendo
903 1162 938 1228 cf.
964 1163 1122 1226 Buecheler,

102 1236 155 1289 Ra.
181 1235 256 1288 Mus¹
278 1239 312 1288 33
337 1237 432 1304 (1878)
447 1252 477 1303 p.
497 1238 559 1288 492.
592 1235 625 1287 ele
648 1237 804 1303 coquomime
823 1235 897 1288 Pliu.
917 1253 944 1288 m.
964 1235 989 1289 li.
1011 1240 1054 1302 11,
1067 1239 1123 1289 244

102 1307 168 1374 (lest.
185 1310 222 1372 3),
242 1323 260 1358 a
279 1323 331 1373 qim
350 1312 374 1360 cl
395 1306 482 1360 Gellio
500 1307 549 1359 lioc
567 1307 712 1359 memoriae
725 1306 869 1374 proditum
887 1311 940 1371 est;
961 1307 1032 1360 alilri
1049 1309 1122 1360 euim

104 1377 274 1432 ‘Volcacius’
295 1378 455 1445 simpliciter
472 1379 615 1444 reperitur.

171 1470 198 1520 2.
221 1467 250 1536 Q.
272 1467 389 1532 Valerio,
421 1467 520 1520 Porcio
547 1465 648 1520 Licino
676 1471 764 1519 aelate
791 1467 880 1519 maior
911 1467 1062 1533 Volcacius,
1090 1473 1123 1520 ul

102 1538 235 1592 Buctluer
253 1539 313 1592 rull
330 1537 407 1604 (loll.
423 1555 453 1606 p.
469 1539 566 1606 Moe),
585 1538 634 1590 cic
649 1553 703 1590 esse
718 1542 813 1604 potui,
831 1537 979 1604 siquidem
993 1538 1123 1591 Eauium

103 1609 200 1663 ‘causo
223 1609 413 1677 antiquitatis’
442 1614 573 1662 memorat
598 1608 701 1676 (sr.1);
728 1609 841 1662 missum
865 1609 937 1661 euim
962 1609 1123 1676 Turpilium

101 1682 175 1747 facio
199 1683 233 1735 ab
257 1698 286 1734 eo
309 1681 455 1734 laudatum
479 1679 525 1748 (iol.
545 1680 602 1748 fu),
630 1681 678 1747 qui
702 1685 734 1732 ul
753 1696 778 1732 a.
799 1679 917 1749 650l104
939 1680 981 1733 rel
1004 1678 1123 1751 651l103

101 1759 225 1806 mortuus
247 1754 296 1817 sil,
326 1758 385 1806 erat
409 1757 500 1805 tamem
525 1757 591 1805 tuuc
616 1751 763 1805 admodum
785 1766 873 1804 semea.
920 1751 1014 1806 rideas
1039 1753 1124 1806 eliam

102 1824 237 1889 ordinem,
265 1840 317 1891 quo
342 1823 449 1877 iudicia
474 1823 506 1876 cle
528 1823 651 1876 Teremtio
676 1823 708 1875 im
732 1823 791 1875 rita
813 1821 939 1876 Suelom'i
964 1823 1124 1888 affemmtur

104 1895 256 1961 ‘Afrauius
271 1895 420 1962 (Scipiouis
428 1895 572 1962 Laeliique
586 1895 718 1961 aequalis)
734 1893 876 1947 Volcacius
891 1894 983 1948 Cicero
999 1893 1122 1948 ansar'.

155 1986 198 2107 tl.
227 1983 294 2037 Plio
312 2001 340 2037 u.
358 1984 384 2036 le.
409 1987 452 2048 11,
469 1985 525 2036 244
551 1981 712 2036 Volcacium
735 1980 893 2052 Sedigitum
920 1981 1069 2036 inlustrem
1092 1983 1124 2035 in

101 2069 155 2123 poc
168 2071 220 2108 ica.

103 2195 335 2250 SCRIPTORUM

173 2307 197 2356 4.
233 2304 321 2357 Varro
340 2303 372 2357 cle
390 2302 503 2356 comoed.
521 2303 614 2356 Plaai.
631 2302 653 2354 Ι
666 2329 699 2346 =
718 2303 754 2368 fr.
770 2306 809 2356 88
829 2303 986 2356 Volcacium
1003 2303 1124 2358 iadicem

102 2375 269 2429 Plaulimum
287 2376 425 2442 scripsisse
444 2375 539 2440 tradit,
558 2375 614 2443 qui,
633 2375 740 2442 opium,
766 2375 797 2427 iu
816 2374 832 2426 l.
852 2374 897 2427 De
912 2375 1001 2442 poetis
1019 2381 1078 2429 croi
1092 2381 1126 2430 ul

101 2447 160 2500 siue
179 2446 262 2500 leobio
284 2445 404 2500 Tercmlii
420 2446 581 2511 fabularum
600 2446 767 2499 enumeratio
786 2446 831 2513 (fr.
846 2447 884 2514 2).

172 2625 305 2692 reliquias
322 2624 381 2677 coll.
398 2625 541 2690 Baehrcus,
561 2624 676 2692 Fraym.
696 2625 769 2678 Pocl.
791 2624 869 2678 Rom.
890 2623 1016 2692 (Lipsiae
1035 2627 1125 2693 1886)

100 2713 128 2764 p.
143 2700 200 2750 279
213 2713 251 2763 sq.
280 2696 314 2761 cf.
330 2697 464 2749 Bueltmer
483 2696 499 2749 l.
519 2712 540 2748 c.
557 2711 586 2762 p.
602 2699 637 2749 34
653 2711 690 2763 sq.

445 2892 481 2955 B.
505 2890 778 2958 FRAGMENTA

454 3030 503 3084 DE
521 3032 648 3086 POETIS
667 3031 764 3084 LIBRI

177 3138 245 3193 Gell.
266 3143 309 3204 15,
323 3141 360 3192 24
378 3139 436 3192 iuol.
457 3138 525 3206 quid
544 3138 693 3192 Volcacius
712 3137 908 3210 [Vale-codol]
929 3137 1072 3208 Sedigitus
1093 3139 1125 3192 in

103 3209 184 3278 libro,
205 3225 288 3276 quem
307 3209 342 3263 dc
360 3210 592 3296 poetiszscripsiu
612 3210 647 3264 dc
666 3210 779 3264 comicis
798 3209 907 3263 Latinis
925 3209 1067 3264 iudicarit.

477 3365 494 3418 1
522 3355 555 3438 [1
580 3356 745 3439 Buclrrcms]

125 3465 269 3524 mallos
292 3467 460 3530 incertos
485 3471 631 3529 certeis
651 3468 745 3527 hanc
764 3487 840 3525 scm
860 3466 1031 3540 vicimus,

103 3551 280 3621 palmam
302 3563 450 3634 poetae
475 3561 622 3622 comico
646 3560 709 3619 cui
730 3557 910 3617 ociorem.
