2400 3824
430 179 467 233 M.
486 179 600 232 Verrius
618 179 734 234 Flaccus
943 179 945 183 ⁴
1023 179 1086 242 517

74 345 154 422 quod
169 341 242 423 <in>
256 347 463 406 semivocalem
478 347 624 422 desinant,
644 350 762 407 sciant
778 348 877 422 inquit
896 369 910 406 z
925 348 1087 407 litteram

75 435 113 494 sd
142 435 253 494 scribi
281 435 322 494 ab
350 437 397 494 iis
425 438 486 512 qui
515 439 647 512 putant
673 437 776 495 illam
803 455 842 494 ex
866 455 879 494 s
903 437 980 495 eid
1007 455 1088 496 con·

75 528 185 597 stare,
207 526 247 582 ut
270 526 346 584 sine
370 524 479 584 dubio
503 529 600 584 muta
623 527 788 584 finiatur,
1104 535 1116 576 ὁ

151 623 205 677 Vel.
222 625 309 693 Lamp.
325 641 351 691 p.
367 629 410 690 51,
426 630 441 678 1
462 638 541 678 Verrio
554 656 580 663 -
593 638 691 678 fimatur.
718 623 788 676 mihi
803 621 914 676 viderur
927 639 979 676 nec
998 623 1091 678 aliena

75 694 220 766 (Latino)
240 695 360 749 sermoni
378 695 474 761 fuisse,
493 713 556 750 eum
574 695 733 748 inveniatur
751 695 781 747 in
800 694 923 748 carmine
939 694 1043 759 saliari,
1063 697 1091 748 et

75 782 135 818 esse
160 765 238 818 alind
257 783 283 833 a,
310 765 388 819 aliud
407 762 491 836 σίγμα
510 767 557 820 καὶ
577 771 607 832 δ,
630 783 681 819 nec
705 766 823 819 eandem
846 767 1017 834 potestatem
1039 782 1091 819 nec

76 838 195 890 eundem
218 853 317 891 sonum
340 853 413 905 esse,
436 838 485 891 sed
509 839 662 891 secundum
685 837 808 892 diversas
833 837 968 891 dialecios
988 836 1092 907 [idest

75 908 200 979 linguas]
219 908 367 962 enuntiari.
404 909 439 975 cf.
460 910 587 976 Rrooeck,
605 910 658 963 Ra.
679 911 754 964 Mus.
771 912 815 975 12,
830 913 926 976 419sq.

148 1015 252 1086 2d]p
329 1015 393 1069 lin
412 1017 476 1070 odd.
497 1017 563 1071 Keil
640 1016 709 1070 4sd
728 1017 853 1070 Keilium
870 1022 977 1070 cecatus
994 1016 1093 1083 scripsi

76 1087 116 1141 sic
135 1087 212 1142 codd.
232 1086 325 1159 (per)
345 1087 378 1140 sd
398 1088 463 1142 Keil
482 1088 522 1142 sic
540 1089 570 1157 (i.
589 1105 609 1142 e.
630 1087 672 1157 ds)
691 1103 747 1140 non
767 1104 787 1140 s.
809 1087 888 1142 Rieu.
962 1086 1003 1158 s]e

564 1241 606 1297 13

143 1364 202 1403 non
220 1345 297 1402 nulli
315 1345 394 1403 circa
412 1345 609 1421 synaloephas
630 1364 747 1420 quoque
766 1344 982 1404 observandam
1000 1344 1093 1403 talem

76 1435 268 1509 scriptionem
304 1436 564 1506 existimaverunt,
605 1437 683 1494 sicut
715 1433 838 1493 Verrius
872 1434 1012 1507 Flaccus,
1049 1436 1093 1507 ut,

75 1523 256 1598 ubicumque
278 1525 377 1598 prima
396 1541 453 1581 vox
476 1543 506 1581 m
524 1523 627 1582 littera
645 1523 789 1598 finiretur,
813 1541 938 1599 sequens
959 1541 977 1579 a
995 1523 1093 1582 vocali

75 1614 228 1687 inciperet,
247 1632 278 1668 m
296 1631 355 1670 non
373 1613 439 1670 iota
457 1612 509 1670 sed
526 1631 596 1686 pars
614 1613 696 1671 illius
714 1614 798 1687 prior
815 1615 934 1670 tantum
954 1611 1092 1671 scribere·

75 1705 135 1773 tur,
159 1705 193 1758 ut
217 1703 374 1775 appareret
398 1702 522 1775 exprimi
545 1720 603 1759 non
628 1701 742 1760 debere.
1107 1707 1119 1747 ⁶

155 1800 208 1853 Vel.
228 1800 315 1869 Lony.
331 1816 360 1867 Ρ.
376 1804 422 1865 80,
437 1803 473 1852 18
491 1825 537 1853 non
550 1813 608 1853 nulli
621 1831 648 1839 -
661 1814 747 1854 debere.

151 1913 163 1958 1
180 1905 344 1974 synaliphas
354 1921 464 1973 quoque
475 1906 617 1960 circaobs.
628 1906 740 1973 qualem
782 1912 798 1958 4
812 1909 902 1960 iotam
944 1911 959 1958 ὅ
975 1908 1094 1975 apparet

564 2060 605 2115 14

143 2164 336 2222 inveniuntur
354 2164 476 2239 quidam
494 2167 628 2223 veterum
647 2166 738 2222 etiam
761 2165 834 2222 haec
853 2164 930 2222 allex
951 2163 1093 2222 feminino

77 2272 183 2330 genere
202 2253 370 2328 protulisse,
394 2253 472 2328 quod
493 2251 588 2328 Caper
607 2254 737 2312 ostendit
756 2253 791 2312 de
811 2252 909 2311 dubiis
927 2252 1094 2330 generibus,

77 2341 216 2399 Verrium
240 2341 378 2401 Flaccum
401 2343 533 2418 posuisse
558 2342 680 2401 allecem
703 2343 780 2401 hanc
803 2342 912 2401 dicens,

149 2441 236 2494 Prisc.
256 2458 286 2509 p.
305 2444 401 2506 212,4
428 2439 457 2493 in
481 2457 497 2493 c
520 2441 575 2493 duo
595 2443 661 2493 suni
679 2441 789 2510 generis
813 2439 920 2506 neuim,
942 2439 987 2492 lac
1011 2438 1094 2494 lactis

80 2543 109 2549 —
132 2515 160 2564 et
179 2511 251 2565 allec
269 2510 375 2565 allecia.
395 2543 428 2550 -
447 2526 593 2565 inveniantur
615 2516 710 2564 tamen
735 2526 826 2574 quidem
840 2544 866 2550 —
880 2526 962 2565 neem.
990 2511 1093 2564 Aaecd.

79 2581 116 2636 H.
133 2600 161 2650 p.
178 2587 240 2649 120,
259 2586 294 2636 13
319 2581 478 2635 Priscianus
498 2584 593 2635 autem
612 2582 694 2636 dieis:
714 2614 747 2622 -
768 2583 854 2636 etiam
873 2582 943 2635 haec
962 2581 1035 2635 allex
1054 2581 1094 2635 fe·

78 2653 184 2706 minino
204 2669 305 2723 genere
321 2653 435 2707 Verrius
456 2653 536 2720 dixis,
556 2653 673 2707 allecem
692 2655 773 2708 hanc.

566 2805 607 2861 15

145 2912 244 2970 clunes
269 2944 310 2951 —
332 2911 455 2970 Verrius
479 2911 602 2970 Flaccus
625 2911 791 2970 masculino
814 2930 921 2988 genere
945 2910 1004 2968 dici
1026 2930 1093 2985 pro-

76 3001 139 3074 bat,
158 3004 298 3075 quoniam
316 3002 362 3059 nis
377 2999 492 3077 syllaba
510 3002 671 3059 terminata
690 3002 790 3059 anima
809 3002 941 3059 carentia
959 3000 1093 3059 nomina-

76 3091 140 3148 tivo
156 3091 301 3166 singulari
314 3089 478 3148 masculina
493 3093 571 3163 sunt,
587 3093 621 3147 ut
634 3089 723 3165 panis
737 3092 811 3148 cinis
826 3091 916 3148 crinis
931 3092 962 3147 et
976 3089 1093 3148 similia.

151 3189 230 3243 cusas.
246 3206 276 3256 p.
293 3193 354 3254 101,
368 3193 385 3242 4
399 3191 443 3256 (=
459 3189 534 3242 Plio.
550 3188 612 3241 dab.
627 3205 704 3242 serm.
720 3205 749 3256 p.
766 3192 811 3253 63,
826 3192 843 3241 9
858 3189 904 3247 Β.)
923 3203 1000 3242 clunes
1014 3185 1094 3240 femi-

76 3260 144 3313 nino
159 3275 261 3328 genera
276 3259 348 3312 dixit
362 3259 491 3314 Melissus
507 3260 553 3329 [fr.
564 3259 601 3330 4}
617 3259 666 3312 sed
680 3273 806 3314 Verrius-
816 3273 904 3313 simius.
933 3260 1013 3313 Beda
1026 3259 1093 3313 caah.

72 3349 103 3401 p.
114 3334 179 3395 266,
191 3335 208 3384 6
221 3346 298 3384 clunes
306 3363 333 3370 —
342 3346 468 3385 Verrius-
478 3346 564 3392 probet.
587 3331 621 3396 cf.
634 3329 722 3398 Caper
735 3331 767 3385 de
782 3332 849 3385 verb.
861 3332 923 3385 dub.
934 3333 1094 3398 p.108,17.

77 3402 165 3526 Ρᾶιζῖο.
181 3407 346 3470 p.160,11.
374 3403 448 3457 Serv.
463 3405 532 3456 Aea.
546 3407 574 3468 2,
588 3405 649 3456 554.
678 3403 751 3456 Noe.
763 3421 793 3470 p.
804 3406 865 3468 196,
875 3406 918 3456 33.
949 3401 1094 3455 amelien

77 3493 96 3528 a
146 3490 188 3527 .c.

150 3587 165 3633 ‘a
185 3580 229 3633 nis
248 3581 314 3635 Keil
332 3597 365 3634 ec
379 3598 433 3636 esc.
449 3581 517 3636 Boo.
535 3581 615 3636 Char.
630 3598 660 3648 p.
677 3583 738 3646 555,
751 3584 788 3634 25
807 3586 832 3634 et
850 3596 884 3634 eo
897 3578 1002 3634 Seruio:
1021 3577 1052 3630 in
1070 3577 1094 3631 is
