2400 3824
222 160 342 230 Gnipho.
379 161 534 231 Pompilius
554 161 738 216 Andronicus.
776 162 837 217 Sex.
856 163 964 218 Ennius
1038 165 1100 229 101

197 406 249 488 M.
282 403 584 490 POMPILIUS
616 404 983 492 ANDRONIOUS

442 590 748 657 nusrmouruu

151 740 229 799 Suet.
253 742 288 799 de
308 759 432 814 prorum.
453 743 474 799 8
519 741 558 798 M.
581 740 748 816 Pompilius
771 741 959 800 Andronicus
982 744 1104 801 natione

82 829 179 906 Syrus
211 830 309 889 studio
337 831 502 907 Epicureae
533 833 629 888 sectae
660 831 835 890 desidiosior
861 833 894 889 in
921 832 1104 907 professione

83 921 282 996 grammatica
321 919 488 979 habebatur
529 921 685 994 minusque
726 919 850 979 idoneus
888 920 925 978 ad
962 921 1104 980 tuendam

85 1008 226 1067 scholam.
272 1009 375 1084 itaque
413 1027 479 1067 cum
512 1028 542 1068 se
575 1010 607 1066 in
639 1008 711 1067 urbe
747 1028 807 1067 uon
844 1010 940 1068 solum
972 1009 1104 1068 Antonio

86 1097 239 1173 Gniphoni
266 1098 317 1156 sed
341 1099 445 1157 ceteris
474 1099 565 1156 eiiam
593 1098 786 1157 deterioribus
814 1100 955 1174 postponi
982 1099 1132 1172 sidereus

86 1185 195 1245 Cumas
222 1188 345 1246 transiit
371 1187 473 1262 ibique
501 1189 533 1245 in
557 1190 618 1245 oiio
647 1189 723 1246 vixit
746 1191 776 1246 et
799 1188 895 1246 mulia
925 1190 1105 1264 composuit3

85 1296 190 1335 verum
212 1276 284 1334 adeo
307 1277 394 1352 inops
414 1280 504 1352 atque
528 1294 626 1353 egens,
650 1279 684 1334 ut
707 1280 826 1335 coactus
850 1280 890 1336 sit
912 1277 1106 1353 praecipuum

85 1365 162 1424 illud
181 1365 357 1441 opusculum
376 1384 464 1425 suum
485 1366 639 1424 annalium
658 1365 749 1424 Ennii
772 1366 961 1424 elenchorum
980 1366 1106 1425 sedecim

85 1454 207 1513 milibus
239 1475 393 1513 nummum
425 1455 544 1514 cuidam
575 1455 711 1528 vendere,
749 1474 823 1530 quos
855 1455 947 1514 libros
976 1454 1106 1514 Orbilius

86 1562 260 1620 suppressos
278 1544 436 1603 redemisse
460 1563 490 1603 se
512 1544 585 1602 dicit
607 1544 831 1621 vulgandosque
850 1563 969 1603 curasse
988 1547 1148 1602 nominem

87 1635 226 1692 auctoris.

158 1733 315 1786 Andronici
337 1738 452 1786 aetatem
474 1734 506 1785 in
528 1737 649 1800 tempora
672 1732 792 1787 Sullana
814 1733 933 1786 incidere
952 1739 1037 1801 potet.
1076 1732 1108 1785 de

87 1803 157 1857 libro
191 1804 359 1857 ‘Annalium
391 1805 484 1858 Ennii
515 1804 695 1858 elenchornm'
729 1805 764 1870 ef.
795 1804 913 1869 Vahlen,
947 1805 1036 1872 praef.
1070 1802 1109 1858 ud

87 1875 165 1928 Eun.
190 1891 220 1943 p.
241 1875 352 1928 XXIX
359 1873 376 1927 ².
423 1875 456 1928 de
483 1876 584 1929 studiis
611 1875 759 1943 Epicureis
791 1877 825 1943 ef.
853 1875 949 1941 Zelier,
981 1875 1054 1929 Phil.
1081 1875 1107 1927 d.

90 1945 196 2000 ornan
216 1949 274 2012 3,1
293 1947 478 2015 (Lpa.1880)
498 1964 527 2015 p.
544 1950 599 2000 375
623 1953 648 2000 et
669 1947 861 2015 TleGoniperr‚
886 1947 974 2000 Wien.
994 1945 1072 2001 Stud.
1090 1949 1109 1998 2

161 2112 175 2158 1
197 2105 307 2160 Marcus
326 2107 400 2160 narii
417 2107 493 2160 codd.
588 2111 604 2159 8
624 2123 694 2175 opus
714 2107 759 2160 eui
778 2106 894 2160 titulum
913 2107 983 2160 coni.
1006 2106 1109 2161 Odoin

88 2176 163 2230 Enni
184 2179 270 2232 Vatis.
344 2182 377 2231 10
398 2177 585 2247 volgandosq3
611 2178 697 2233 Votis.

412 2437 534 2525 SEX.
573 2437 787 2524 ENNIUS

433 2625 471 2690 Α.
495 2623 765 2690 insumerem

164 2771 187 2820 1.
208 2766 280 2820 Suet.
300 2767 332 2820 de
349 2784 463 2890 prorum.
485 2772 500 2821 1
526 2766 602 2833 quod
625 2783 681 2819 non
699 2764 772 2818 nulli
790 2765 907 2819 tradunt
930 2764 999 2817 duos
1022 2763 1110 2817 libros

88 2836 381 2980 lipioeltiilteiliiiasiirre
391 2910 485 2979 arguit
492 2910 520 2964 L.
528 2909 610 2965 Cotta
619 2926 676 2962 non
685 2911 786 2978 poetae
797 2908 846 2962 sed
855 2906 1019 2976 posterioris
1027 2905 1111 2960 Ennii

88 2996 159 3046 esse,
170 2980 249 3034 cuius
260 2981 347 3034 etiam
362 2981 401 3034 de
414 2981 607 3051 augurandi
622 2979 966 3050 disciplinavolumina
976 2978 1110 3032 feruntur.

162 3075 256 3124 utrum
273 3071 318 3124 hio
335 3071 451 3125 Ennius
468 3088 597 3140 unquam
614 3071 701 3137 fuerit
723 3087 762 3124 on
779 3086 848 3135 non,
872 3085 975 3137 niapno
993 3073 1031 3122 est
1048 3083 1111 3122 con·

86 3143 235 3208 troversia,
259 3148 339 3211 atque
358 3143 494 3211 plerique,
514 3143 676 3210 praesertim
698 3142 871 3207 recentiores,
893 3145 996 3209 nepant
1013 3139 1059 3207 (cf.
1079 3139 1111 3193 de

87 3213 209 3268 dirersis
225 3214 367 3268 sententiis
385 3214 517 3280 Froelnie,
531 3214 622 3268 Fleclr.
637 3214 749 3267 Jourco.
765 3213 854 3280 suppl.
871 3215 914 3265 18.
931 3214 1000 3264 1891
1011 3227 1041 3279 p.
1058 3213 1111 3263 594

85 3293 113 3341 et
133 3283 320 3355 Weinberper‚
340 3285 440 3339 Phiiol.
456 3289 500 3339 63.
521 3288 591 3339 1904
605 3302 635 3353 p.
652 3288 706 3338 633
715 3285 773 3352 sp).
805 3299 853 3353 epo
871 3282 980 3351 quidem
997 3298 1032 3334 ne
1049 3298 1111 3335 rnr-

85 3373 138 3414 sus
164 3355 198 3408 de
222 3374 251 3411 re
273 3357 343 3410 sotis
367 3357 506 3428 sinpnlori
533 3356 636 3421 dicuni,
669 3360 701 3407 ut
728 3354 780 3408 alii
802 3355 845 3407 ita
873 3353 1008 3418 sentiant,
1036 3353 1114 3429 cndu

85 3430 255 3500 quissimurn
269 3428 398 3482 Ennium
416 3429 500 3483 libros
511 3428 705 3499 pannonios
720 3427 754 3482 de
765 3425 934 3483 litteratura
948 3429 976 3477 ei
989 3423 1024 3475 de
1037 3425 1137 3472 messus

79 3505 201 3570 praeter
227 3500 392 3569 auyurundi
419 3500 603 3579 disciplinam
637 3502 801 3576 scripsisse,
834 3515 932 3556 unnrn
964 3487 1159 3568 premerem

66 3577 162 3639 pm·
183 3585 248 3621 nam
268 3587 331 3626 enm
343 3573 466 3632 Ennius
485 3577 608 3648 quinium
629 3580 719 3638 iusto
740 3575 884 3636 Ennium
906 3573 1029 3643 poenum
1040 3561 1097 3612 W
1110 3558 1177 3602 'lm'

367 2838 540 2905 labisque‚
564 2838 632 2891 item
652 2838 691 2890 de
709 2836 828 2890 metris
847 2836 883 2889 ab
903 2835 1001 2890 eodem
1020 2835 1111 2889 Ennio
