2400 3824
134 173 199 238 300
283 172 488 228 Grammaticae
508 173 609 226 aetatis
629 171 819 226 Varronianae
838 171 999 241 fragmenta

132 343 188 415 ait3
212 345 243 400 et
261 344 359 400 ortum
379 341 498 416 quidem
517 341 597 415 quod
616 342 647 398 in
666 359 699 399 eo
720 340 820 398 omnia
839 341 982 413 oriantur,
1006 337 1152 419 Graccum

132 435 233 488 autem
264 450 281 488 a
312 431 453 508 gerendo,
486 431 564 505 quod
595 433 691 488 mater
720 431 782 487 eius
812 428 968 486 duodecim
1000 429 1152 487 mensibus

132 523 217 578 utero
241 539 308 578 eum
331 520 506 596 gestaverit,
537 519 585 577 vel
609 539 627 577 a
650 518 821 596 gracilitate
849 519 994 592 corporiS,
1025 521 1065 576 ut
1089 518 1152 593 qui·

132 609 200 666 dam
224 609 337 667 volunt.

205 708 285 762 Char.
301 724 330 775 p.
346 711 393 772 82,
410 711 425 758 7
445 710 488 774 (=
506 708 580 760 Plio.
595 707 658 760 dab.
678 723 753 760 serm.
772 723 800 773 p.
816 709 860 770 47,
875 709 910 759 21
919 707 965 774 Β.)
986 719 1153 770 dracoma—

132 777 298 918 :lrgllrlurrssavsictad
323 777 495 831 consuetudo
519 781 548 831 et
567 777 707 831 Gracchos
726 779 755 830 et
778 777 873 829 hortos
895 792 958 829 cum
979 776 1153 845 aspiratione

543 965 624 1022 280²
648 957 738 1043 [aad]

199 1072 356 1146 pulchrum
386 1071 482 1129 Varro
517 1071 644 1146 aspirari
678 1070 783 1129 debere
818 1075 922 1147 negat,
964 1088 1001 1126 ne
1038 1069 1153 1128 duabus

133 1160 362 1218 consonantibus
386 1159 484 1218 media
506 1160 671 1218 intercedat
694 1159 846 1234 aspiratio.

206 1258 287 1311 Char.
304 1276 333 1325 p.
350 1263 445 1324 73,17
465 1262 508 1325 (=
525 1259 599 1312 Plio.
620 1259 682 1312 666.
702 1275 778 1311 serm.
797 1276 825 1326 p.
841 1262 885 1323 46,
900 1258 972 1322 413.)
991 1272 1114 1318 pulchrum
1129 1288 1154 1296 —

33 1346 36 1352 ·
133 1345 252 1395 seperatim
287 1330 362 1397 quod
395 1329 512 1382 minime
538 1332 645 1382 rectum
674 1329 798 1396 antiquis
823 1329 978 1382 videbatur.
1025 1328 1103 1382 unde
1127 1329 1155 1380 et

133 1399 311 1469 sepulchrum
329 1400 469 1469 hodieque
484 1404 587 1467 manet,
606 1400 682 1467 quod
701 1401 738 1453 sit
757 1417 880 1454 scorsum
897 1418 914 1452 a
932 1398 1051 1468 pulchro
1070 1417 1153 1468 prop-

132 1474 175 1524 ter
193 1472 415 1525 recordationem
435 1471 546 1525 doloris.
581 1472 666 1526 OGL
687 1473 785 1537 V481,
800 1477 837 1526 52
859 1471 1038 1539 sepulchrum
1057 1470 1155 1539 placet

134 1542 198 1596 aliis
218 1544 403 1612 compositum
426 1559 443 1596 a
463 1543 546 1595 semis
572 1547 601 1596 ct
623 1542 760 1612 pulchro,
778 1558 810 1596 eo
830 1543 906 1609 quod
925 1541 1072 1610 superficie
1092 1541 1154 1610 pul·

134 1607 232 1667 chrum
245 1615 322 1668 intus
338 1613 446 1668 ossibus
460 1613 583 1683 plenum,
603 1614 653 1667 sed
666 1613 815 1682 pulchrum
829 1613 917 1667 Varro
931 1615 1018 1682 negat
1033 1613 1154 1682 aspirari

134 1686 236 1740 debere
259 1701 294 1738 ne
318 1685 426 1738 duabus
455 1685 672 1739 consonantibus
700 1685 794 1738 media
822 1685 978 1739 intercedat
1006 1684 1155 1754 aspiratio,

134 1757 209 1824 quod
232 1757 347 1810 minime
371 1756 406 1808 ab
431 1756 554 1823 antiquis
578 1756 689 1810 videtur
708 1759 842 1810 secutum.
880 1757 914 1823 cf.
934 1756 1040 1810 Santra
1057 1757 1095 1822 fr.
1113 1761 1152 1809 11.

204 1868 368 1918 289--289Ξ
386 1865 419 1917 66
439 1863 596 1917 ‘calceamus’
618 1870 642 1917 et
658 1863 849 1932 ‘reprehendit'
865 1863 900 1929 cf.
917 1863 1010 1933 Quint.
1028 1867 1052 1928 1,
1068 1865 1095 1928 5,
1112 1866 1152 1915 19.

137 1935 204 1990 Gru.
220 1940 247 2000 2,
262 1940 288 2000 3,
304 1941 361 2003 laq.
382 1941 408 2001 5,
424 1939 467 2000 12,
483 1941 524 1988 10.
547 1940 590 2000 16,
605 1940 630 2000 5,
646 1939 671 1987 6.
707 1936 829 1988 Macrob.
846 1939 871 1999 6,
885 1939 911 1999 8,
926 1938 970 1988 18.
1005 1933 1080 1986 Dora
1095 1935 1152 1987 Ter.

134 2007 214 2060 andr.
238 2010 266 2071 2,
279 2011 307 2072 2,
322 2006 383 2059 16¹.
439 2008 515 2059 Area.
546 2006 656 2060 Coraca.
686 2023 730 2074 op.
756 2007 877 2060 Cassiod.
906 2006 973 2060 orta
999 2022 1029 2073 p.
1050 2009 1113 2070 153,
1129 2008 1152 2057 7.

136 2082 251 2143 159,13.
290 2079 383 2131 Albin.
400 2079 467 2132 ono.
483 2095 512 2145 p.
529 2082 643 2143 306,13.
665 2082 726 2141 311,
736 2081 781 2131 26.
819 2078 851 2130 de
867 2077 962 2130 ‘alica'
979 2077 1062 2130 Paul.
1078 2076 1153 2130 Fert.

129 2167 160 2218 p.
177 2153 260 2214 7,17.
289 2150 321 2203 66
337 2149 451 2203 ‘bertas'
467 2150 550 2203 Paul.
565 2149 806 2216 8666117211.
842 2149 895 2202 Vel.
911 2149 999 2217 Loca
1011 2165 1040 2215 p.
1053 2151 1152 2212 68,19.

134 2220 207 2275 Sero.
222 2221 291 2273 Aea.
309 2226 333 2285 1,
347 2225 409 2274 289.
438 2221 470 2273 66
486 2220 626 2274 ‘cohortes'
649 2221 735 2274 Varro
750 2220 782 2272 66
796 2222 813 2274 l.
829 2221 863 2273 L.
875 2224 901 2285 5,
916 2223 962 2272 88.
997 2219 1052 2271 Vel.
1064 2218 1152 2288 Loro.

132 2309 160 2361 p.
178 2295 278 2357 74,16.
312 2293 344 2345 66
363 2291 490 2344 ‘harenc’
513 2291 591 2345 Obor.
613 2308 642 2358 p.
658 2295 720 2357 103,
734 2295 778 2345 21.
813 2292 888 2344 Mor.
916 2291 982 2344 Vict.
1005 2307 1033 2358 p.
1048 2294 1095 2356 21,
1109 2293 1152 2343 21.

141 2364 194 2416 Vel.
219 2364 307 2432 Loco.
327 2381 357 2430 p.
378 2366 481 2427 81,1().
521 2363 593 2416 Sero.
617 2365 649 2415 ia
671 2364 746 2416 Dore.
766 2380 795 2430 p.
816 2365 877 2427 444,
891 2365 937 2416 28.
981 2361 1062 2414 Β666
1085 2361 1153 2415 arth

131 2452 159 2502 p.
175 2438 296 2500 274,17.
326 2434 427 2488 116666.
444 2435 481 2487 H.
497 2451 527 2501 p.
540 2433 707 2487 CXXXVI.
736 2435 817 2487 Proh.
839 2433 1055 2504 76666170.
1084 2432 1155 2486 1666.

134 2523 173 2559 or.
189 2510 232 2572 16,
247 2510 273 2571 3,
288 2510 330 2558 11.
356 2509 399 2570 19,
415 2510 458 2571 19,
473 2509 517 2559 21.
541 2505 573 2558 66
589 2505 713 2559 ‘hoedus'
731 2506 818 2558 Varro
833 2505 865 2558 66
879 2506 896 2558 l.
912 2504 946 2558 L.
962 2508 986 2570 5,
1001 2507 1045 2557 97.
1070 2504 1153 2557 Paul.

136 2576 209 2631 Fert.
229 2594 255 2644 p.
270 2582 314 2642 84,
329 2582 345 2629 5
362 2580 417 2644 (83,
433 2581 458 2629 9.
488 2581 550 2642 193,
563 2579 599 2634 Sl.
631 2576 690 2629 Ter.
710 2576 805 2630 Sccwr.
823 2593 851 2643 p.
867 2581 910 2640 11,
925 2580 951 2630 3.
980 2579 1023 2640 13,
1037 2579 1064 2628 8.
1099 2575 1154 2641 Velr

135 2649 223 2717 Loaq.
239 2665 269 2716 p.
283 2653 327 2713 81,
343 2654 367 2700 9.
403 2648 435 2702 66
456 2648 529 2701 ‘cilo’
551 2647 584 2712 cf.
604 2649 640 2712 fr.
660 2651 721 2700 354.
758 2648 790 2700 66
815 2647 946 2714 ‘pulcher’
973 2645 1062 2715 Caper
1085 2647 1154 2700 ortt.

134 2737 160 2787 p.
181 2725 225 2785 93,
239 2723 266 2772 2.
304 2721 413 2773 Probas
431 2720 499 2773 ooth.
520 2736 550 2786 p.
566 2723 611 2782 38,
626 2722 671 2772 27.
712 2719 785 2772 Dore.
808 2719 866 2772 Ter.
892 2718 971 2771 andr.
993 2723 1018 2783 1,
1032 2722 1058 2782 1,
1074 2721 1126 2770 101
1137 2715 1154 2768 ¹.

135 2791 207 2845 Sero.
234 2792 308 2860 Vero¹
332 2809 357 2860 9.
373 2796 399 2856 3,
413 2794 477 2844 223.
511 2790 596 2844 Sobel.
621 2791 704 2843 Bora.
728 2806 815 2859 qcory.
829 2789 906 2843 thid.
930 2791 963 2842 66
987 2789 1153 2842 ‘Gracchos'

138 2862 229 2930 Quint.
247 2867 271 2927 1,
287 2867 312 2926 5,
326 2866 370 2915 20.
404 2868 546 2930 practerea
564 2862 598 2926 cf.
625 2863 712 2915 Varro
731 2861 763 2914 de
782 2862 798 2914 l.
819 2861 853 2914 L.
870 2864 895 2926 5,
911 2863 953 2914 73.
989 2859 1063 2914 Serv.
1084 2862 1154 2914 Aea.

136 2938 161 2999 1,
175 2938 238 2987 213.
273 2934 346 2986 Verr.
362 2933 408 2986 Fl.
427 2933 463 2998 fr.
480 2937 505 2986 5.
533 2933 635 2997 Labros
652 2933 684 2985 66
702 2934 789 2986 Arist.
804 2932 875 2986 atad.
892 2930 994 2985 How
1009 2947 1037 2999 p.
1055 2935 1153 2999 31766.

136 3005 201 3058 ada.
226 3022 255 3071 p.
276 3007 338 3058 323.
394 3005 472 3069 Birt,
505 3005 552 3057 der
581 3004 688 3056 Hiatus
716 3005 757 3056 bec¹
785 3004 905 3057 Plautus
938 3004 1043 3069 (Mart.
1072 3003 1155 3070 1991)

131 3079 274 3144 p.109sq.
295 3079 390 3143 135sq.
1152 3086 1153 3089 ’

563 3191 628 3247 aar
651 3183 724 3268 [66]

205 3297 235 3354 in
259 3299 382 3355 accentu
408 3296 535 3354 materia
558 3296 639 3354 locus
667 3298 697 3353 et
723 3298 832 3353 natura
859 3295 1016 3372 prosodiae
1043 3295 1153 3354 brevis·

137 3387 209 3444 sime
233 3385 434 3461 conprehensa
457 3391 535 3444 sunt.
571 3403 642 3442 nam
664 3386 792 3442 materia
815 3402 877 3443 esse
901 3383 1070 3443 ostenditur
1087 3402 1155 3455 vox,

132 3479 164 3533 et
186 3493 222 3533 ea
246 3474 369 3552 quidem
394 3494 454 3552 qua
477 3473 567 3534 verba
590 3477 714 3550 possunt
737 3492 851 3548 sonare,
873 3473 905 3531 id
928 3477 973 3532 est
997 3472 1154 3548 scriptilis3

63 3594 68 3599 ·
115 3564 206 3624 locus
229 3570 335 3628 autem
357 3565 490 3646 syllaba,
515 3563 661 3644 quoniam
678 3562 758 3621 haec
772 3562 893 3639 oronim
907 3561 994 3620 uerbi
1011 3581 1083 3634 aare
1101 3564 1152 3634 est,
