2400 3824
79 204 248 259 M.Valerius
255 203 388 258 Messalla
394 203 535 257 Corvinus.
551 204 587 256 M.
594 204 715 257 Aristius
722 203 836 258 Fuscus.
850 205 993 258 Porcellus
1031 205 1095 268 507

80 375 247 432 litteratore
277 372 403 443 octona
434 372 584 450 significat
613 373 692 430 enim
722 372 803 430 haud
830 372 918 431 dubie
941 373 1096 432 Valerium

81 462 224 522 Catonem
246 466 368 537 poetam
391 463 479 520 simul
503 463 790 538 grammaticamque
814 464 1010 521 notissimum.
1111 473 1122 513 ⁶

150 553 221 608 Suet.
242 553 274 606 de
291 556 437 621 qrammi
461 550 614 619 appellatio
639 549 887 621 grammaticomm
906 550 1013 606 Graeca
1031 569 1095 606 oon-

78 624 226 679 suetudine
252 623 383 687 invaluit,
411 623 460 675 sed
484 623 566 677 initio
592 621 712 675 litterati
735 622 913 676 vocabantur.
952 621 1095 676 Cornelius

77 713 188 763 quoque
198 695 292 763 Nepos
303 696 350 765 [fr.
360 695 413 765 14].
433 709 520 748 eosdem
530 726 557 733 -
566 708 712 748 noussimum.
732 695 797 746 sunt
807 693 856 761 qui
866 694 1003 764 [Orbilius
1012 694 1048 760 fn.
1055 695 1094 764 2].

308 973 361 1056 M.
394 970 633 1057 ARISTIUS
666 970 863 1058 FUSOUS

452 1157 723 1223 nasamonas

149 1305 172 1353 1.
188 1317 356 1368 praenomen
374 1307 413 1354 est
430 1301 461 1353 in
479 1301 657 1367 inscriptione
671 1299 741 1354 Hor.
756 1316 839 1353 carm.
855 1305 880 1366 1,
889 1303 927 1354 22
932 1319 943 1365 ;
961 1299 1034 1353 alias
1052 1300 1096 1351 in-

74 1373 185 1426 aenitnr
202 1372 323 1426 ‘Fnsens
337 1371 471 1425 Aristins’
491 1373 532 1425 ael
550 1373 709 1439 simpliciter
727 1371 858 1425 ‘Fnsens’
878 1373 919 1425 ael
940 1371 1095 1424 ‘Aristius’.

148 1456 174 1505 2.
195 1453 265 1506 Hor.
284 1459 335 1506 sat.
352 1458 377 1517 1,
392 1457 419 1517 9,
434 1456 468 1505 61
494 1451 599 1504 Fuscus
622 1450 744 1504 Aristius
769 1451 889 1505 occurrit
911 1449 982 1503 mihi
1006 1466 1094 1503 carus.

76 1524 115 1578 in.
136 1528 305 1591 ep.1,10,1
325 1523 402 1575 urbis
423 1524 577 1576 amatorem
594 1522 715 1575 Fuscum
734 1521 840 1575 salvere
858 1522 986 1575 iubemus
998 1522 1012 1592 s
1023 1521 1095 1574 ruris

78 1598 225 1660 amatores,
244 1594 298 1647 hac
312 1594 342 1646 in
360 1610 390 1646 re
410 1593 518 1647 scilicet
536 1611 593 1646 una
609 1593 622 1661 s
637 1593 758 1646 multum
774 1592 933 1660 dissimiles,
954 1594 984 1645 at
1002 1595 1095 1645 cetera

77 1681 167 1735 paene
193 1664 306 1733 gemelli
330 1666 344 1736 s
369 1664 502 1718 fraternis
528 1665 644 1730 animis3
678 1664 817 1733 quidquid
842 1666 929 1734 negat
955 1664 1039 1727 alter,
1067 1667 1096 1717 et

78 1735 163 1790 alter:
180 1738 193 1807 J
210 1737 358 1789 adnuimus
377 1736 483 1804 pariter
501 1736 588 1789 vetuli
607 1736 724 1803 notique
743 1735 873 1789 columbi.
910 1738 945 1802 cf.
965 1737 1095 1790 Padano

75 1815 102 1862 et
120 1809 255 1878 Porphyr.
276 1809 345 1862 Hor.
366 1813 421 1861 test.
438 1812 455 1862 3
478 1814 602 1862 eisarna
623 1813 648 1873 1,
662 1811 708 1874 22,
724 1813 747 1861 1.
786 1814 845 1862 erat
867 1808 953 1876 ipitnr
972 1808 1096 1861 Aristius

76 1881 197 1934 Horatio
216 1886 302 1933 aetate
319 1896 432 1948 suppar.

149 1963 173 2012 3.
194 1961 324 2013 Ps-Acro
344 1959 414 2014 Hor.
434 1963 613 2028 ep.1,10,1
640 1960 676 2012 ad
700 1958 836 2011 Aristium
859 1958 979 2011 Fuscum
1003 1973 1094 2027 gram-

76 2030 212 2083 maticum
231 2030 337 2083 scribit.
366 2032 403 2084 id.
418 2047 495 2085 serni.
512 2036 536 2096 1,
551 2035 577 2095 9,
592 2034 628 2085 62
641 2029 763 2084 Aristius
778 2030 882 2082 Fuscus
898 2029 1094 2098 grammati-

76 2118 135 2154 cus
155 2101 333 2154 doctissimus
351 2101 429 2154 illius
446 2101 580 2170 temporis
600 2102 705 2155 amicus
720 2101 839 2154 Horatii.
872 2102 1008 2169 Porphnr.
1024 2101 1094 2154 Han.

74 2190 153 2227 serm.
170 2178 195 2238 1,
206 2177 231 2239 9,
243 2178 279 2226 60
297 2173 419 2226 Aristius
433 2173 538 2226 Fuscus
557 2173 815 2241 praestantissimus
830 2171 1030 2241 grammaticus
1045 2170 1095 2223 illo

76 2245 203 2312 tempore
231 2245 259 2297 et
287 2243 393 2298 amicus
419 2244 531 2297 Horatii
560 2244 622 2296 fuit.
665 2247 690 2297 ei
712 2244 813 2311 Hanpt
838 2246 891 2312 (op.
911 2247 938 2310 2,
954 2247 999 2311 69)
1027 2244 1093 2308 sal

76 2316 207 2381 Antiistii
228 2316 429 2381 vindicaverat,
454 2317 501 2369 sed
524 2316 556 2369 de
575 2317 678 2370 Aristii
700 2317 797 2370 litteris
814 2315 1001 2385 pruiniaaiicis
1023 2315 1095 2367 nibil

76 2385 211 2440 traditam
233 2393 278 2440 est.
323 2405 406 2455 qnam
429 2404 530 2456 niayna
553 2388 584 2440 in
607 2388 807 2441 existimatione
829 2404 890 2440 enni
908 2387 1046 2440 Horatius
1064 2391 1095 2438 nt

74 2460 231 2512 carminata
249 2458 366 2512 indicens
384 2459 518 2523 habuerit,
536 2459 597 2512 aide
615 2459 692 2527 apud
712 2459 840 2527 Valqinni
858 2464 913 2512 test.
931 2461 955 2510 5.

149 2541 173 2588 4.
194 2537 330 2607 Porphpr.
349 2538 420 2592 Hor.
440 2543 610 2605 ep.1,10,1
630 2538 666 2590 ad
685 2537 822 2589 Aristium
840 2537 961 2590 Fuscum
986 2535 1094 2604 scrip-

77 2609 185 2661 torem
205 2609 456 2663 comoediarum
475 2611 510 2675 cf.
530 2610 643 2676 Prason¹
663 2611 728 2677 nup.
749 2610 827 2663 Boni.
846 2606 1022 2679 11331860.

437 2884 741 2971 Paeonibus

149 3071 268 3124 Porcelli
280 3077 356 3124 aetas
370 3088 403 3124 en
417 3087 446 3124 eo
459 3073 514 3137 fere
527 3073 615 3125 staini
628 3078 725 3139 potest,
744 3072 816 3139 qnod
830 3071 931 3125 Seneca
947 3073 978 3124 in
993 3070 1092 3125 Snaso-

74 3142 128 3194 riis
147 3144 222 3209 (post
239 3158 327 3195 annos
347 3141 575 3213 784J31-7s7s34
593 3145 713 3211 scribtis)
732 3160 791 3197 earn
810 3149 946 3197 iriontnnni
965 3150 1095 3197 mensurat

75 3214 122 3282 (cf.
142 3219 198 3266 test.
213 3229 264 3280 seq.
291 3213 428 3282 arguebat
447 3219 472 3267 et
491 3213 660 3281 accusabat).

400 3394 438 3457 A.
463 3392 769 3459 TESTIMONIUM

149 3534 209 3588 Sea.
229 3549 302 3587 snas.
319 3538 398 3599 2,12
416 3533 510 3588 edicta
528 3533 557 3587 iu
576 3535 720 3603 posteram
739 3533 814 3586 diem
832 3548 928 3603 pugna
947 3532 1094 3601 epulantes

77 3603 183 3658 milites
202 3604 312 3657 inducit
330 3604 486 3676 [Cnndins
503 3605 627 3676 Seuerus]
648 3607 677 3658 et
696 3605 737 3658 ait
756 3605 860 3675 [FPR
879 3610 911 3658 11
928 3606 991 3673 B.]:
1013 3605 1095 3656 ‘stra-
1176 3616 1193 3703 ⁴
