2400 3824
145 1044 272 1102 disiecta
294 1043 557 1120 grammaticorum
579 1043 677 1102 frusta
699 1045 735 1101 ut
758 1043 927 1119 colligerem
951 1046 1020 1102 ante
1042 1043 1095 1101 hos

75 1136 138 1192 1111
171 1133 233 1190 fere
265 1151 357 1192 annos
387 1132 549 1190 Buecheler
579 1131 654 1191 mihi
686 1136 792 1191 auctor
823 1133 894 1190 fuit:
927 1151 964 1190 en
995 1132 1096 1205 habes,

76 1223 182 1294 lector,
199 1221 366 1280 studiorum
379 1221 538 1296 primitias,
553 1239 627 1296 quas
642 1239 760 1296 quaeso,
776 1222 1004 1296 qualescumque
1019 1224 1095 1295 sunt,

75 1311 207 1387 benigne
229 1312 366 1386 accipias.
403 1329 463 1368 non
480 1311 577 1368 multa
596 1311 695 1370 deesse
713 1328 809 1385 spero,
832 1310 928 1369 multa
946 1311 1095 1386 perpolita

75 1420 139 1458 non
162 1417 225 1458 esse
248 1400 318 1474 scio,
342 1399 403 1458 alia
420 1399 546 1458 fortasse
566 1403 664 1458 errata
684 1403 778 1474 erunt,
803 1418 880 1474 quae
898 1401 992 1457 tironi
1009 1399 1095 1458 bene-

75 1490 145 1548 vole
177 1490 320 1566 ignosces.
373 1507 408 1547 11
439 1488 615 1563 praesertim
647 1489 732 1548 doleo
766 1488 845 1563 quod
877 1489 909 1545 in
941 1491 1096 1547 auctorum

75 1597 236 1652 rerumque
259 1577 429 1636 nominibus
453 1577 640 1636 decurtandis
664 1597 724 1636 non
747 1596 863 1652 semper
886 1580 1024 1636 constans
1043 1578 1095 1651 fui,

76 1670 111 1725 ut
126 1688 155 1742 p.
169 1668 231 1725 107
247 1667 282 1724 fr.
298 1670 325 1725 1.
338 1668 410 1740 100,
422 1669 450 1724 2.
466 1668 539 1740 113,
550 1669 577 1725 8.
596 1668 668 1742 116,
681 1668 720 1724 13
732 1666 876 1725 Varronis
889 1667 1095 1724 Florentinum

76 1756 211 1815 codicem
237 1756 367 1831 primum
389 1751 493 1814 ‘Flor'
518 1755 662 1829 indicavi,
690 1755 795 1813 deinde
817 1751 887 1831 ‘F'3
916 1755 995 1830 quod
1017 1755 1095 1814 idem

75 1844 228 1903 interdum
246 1844 278 1902 in
296 1845 469 1903 litteratura
487 1845 596 1903 accidit
615 1839 665 1924 (cf.
685 1843 830 1902 Addenda
849 1847 879 1902 et
898 1842 1094 1925 corrigenda).

146 1934 182 1991 de
200 1933 316 1992 ratione
334 1933 404 1992 libri
422 1935 495 1992 haec
508 1935 655 1992 monenda
669 1937 745 1994 sunt.
778 1936 811 1992 in
825 1935 969 2008 quattuor
982 1934 1097 1992 scilicet

75 2027 179 2098 partes
204 2043 238 2080 ex
261 2025 428 2098 temporum
450 2022 616 2082 rationibus
636 2023 749 2082 divisus
770 2024 979 2100 grammaticos
998 2026 1095 2082 vetus·

74 2114 169 2171 tiores
189 2131 280 2186 usque
300 2111 338 2169 ad
352 2111 463 2170 itherii
482 2114 611 2170 aetatem
630 2111 774 2171 continet:
794 2111 996 2189 grammaticis
1016 2130 1095 2170 acee-

76 2201 154 2259 dunt
167 2203 244 2258 varii
258 2201 425 2275 scriptores,
444 2203 506 2260 sive
520 2203 641 2259 nomina
656 2200 858 2260 enodaverunt
872 2202 934 2259 sive
949 2219 1095 2276 gramma-

75 2292 169 2349 ticam
184 2289 357 2364 litterasque
371 2290 548 2367 tetigerunt3
562 2291 593 2347 in
610 2290 717 2365 quibus
731 2293 833 2348 tamen
839 2289 996 2348 brevitatis
1007 2307 1096 2348 causa

74 2381 158 2436 intra
179 2380 321 2437 terminos
341 2397 451 2452 eorum,
475 2398 600 2454 quorum
619 2381 789 2456 fragmenta
806 2381 926 2437 tantum
944 2378 1095 2452 habemus,

74 2467 257 2526 manendum
280 2468 347 2526 fuit.
385 2467 465 2544 quod
489 2472 588 2526 autem
611 2467 760 2527 Lucilium
783 2469 861 2525 inter
884 2469 1094 2543 grammaticos

75 2557 192 2630 rettuli,
209 2558 272 2615 noli
291 2559 384 2616 errori
399 2556 544 2630 tribuer03
565 2558 725 2615 cumcuim
740 2557 776 2615 ab
791 2556 882 2613 Accio
898 2556 1094 2630 separandum

76 2663 137 2703 non
166 2663 229 2704 esse
256 2647 370 2722 putavi.
416 2646 498 2704 Festi
522 2647 602 2704 locos
626 2644 723 2704 verbis
749 2640 815 2703 ‘alii
837 2639 951 2703 dicunt'
976 2647 1006 2703 et
1029 2647 1093 2703 sim.

75 2736 254 2810 incipientes
278 2735 425 2810 suscipere
449 2753 508 2794 non
527 2737 621 2809 potui,
644 2736 703 2794 nisi
721 2736 819 2794 totum
838 2752 912 2809 opus
932 2734 1094 2792 exscribere

75 2823 222 2882 volebam.
259 2824 402 2900 reliquias
419 2825 465 2882 ita
483 2823 626 2899 disposui,
646 2828 681 2882 ut
699 2827 795 2882 certae
814 2842 930 2898 semper
949 2842 967 2881 1
986 2823 1094 2897 dubiis,

74 2914 209 2971 incertae
230 2913 307 2972 sedis
330 2931 377 2972 111
397 2932 415 2972 1
434 2916 530 2971 certae
549 2913 626 2972 sedis
645 2914 706 2972 fere
725 2932 840 2988 semper
858 2915 1094 2989 seiungerentur3

76 3021 154 3077 quae
173 3005 274 3061 tamen
292 3004 371 3060 ratio
389 3005 422 3060 in
435 3001 570 3060 Varrone
583 3003 711 3061 tenenda
725 3021 784 3061 non
803 3002 870 3076 fuit,
889 3020 926 3059 ne
941 3021 991 3059 eae
1005 3003 1094 3059 nimis

76 3090 320 3166 dispertirentur:
342 3091 391 3151 hic
413 3091 508 3168 igitur
529 3093 718 3166 potissimum
738 3091 916 3150 discriminis
936 3092 1029 3168 signis
1048 3091 1095 3148 uti

75 3199 195 3239 necesse
227 3181 292 3240 fuit.
343 3183 473 3240 ceterum
500 3181 532 3237 in
560 3182 725 3256 praeceptis
754 3181 958 3258 grammaticis
985 3199 1094 3250 rerum,

74 3272 105 3327 in
137 3271 245 3346 etymis
273 3270 442 3329 litterarum
471 3269 604 3328 ordinem
633 3272 751 3329 secutus
778 3287 851 3328 sum.
898 3270 979 3327 vitae
1003 3268 1094 3326 etiam

74 3359 280 3434 librorumque
303 3361 485 3433 testimonia,
509 3359 606 3434 quoad
629 3359 695 3418 fieri
716 3360 829 3438 potnit,
850 3360 958 3419 omnia
972 3357 1114 3435 1111111,

73 3447 126 3506 nbi
148 3449 268 3523 longior
285 3449 413 3508 materia
436 3451 666 3535 suppeditabat,
690 3455 725 3515 in
751 3451 951 3536 grauissimis
972 3444 1135 3522 acqs'iexr'r.
