2400 3824
144 141 210 206 500
310 139 515 194 Grammaticus
536 140 637 193 aetatis
657 140 768 208 August
776 157 825 193 eae
844 139 1004 210 fragmenta

556 310 577 367 0
601 302 648 387 [p.
669 303 748 388 500]

214 436 313 492 neque
344 415 657 474 tuburchinabundum
687 418 717 473 et
746 415 1016 474 lurchinabundum
1046 417 1110 474 iam
1140 417 1173 473 in

145 506 232 564 nobis
262 507 420 581 quisquam
448 506 539 579 ferat,
566 505 638 563 licet
661 503 735 562 Cato
764 505 805 562 sit
833 507 937 563 auctor
964 499 1034 582 [inc.
1058 507 1100 562 49
1115 502 1171 580 J.]‚

145 613 199 653 neo
224 596 279 654 hos
302 595 422 668 lodium,
445 612 628 670 quamquam
650 592 682 650 id
705 592 835 652 Pollioni
857 595 963 670 placet.

221 694 315 764 Quini.
330 699 355 760 1,
371 698 397 759 6,
411 697 448 747 42
469 717 542 754 neque
561 691 636 745 enim
650 706 887 746 tuburchinabundum
900 725 927 732 ·-
940 707 1020 758 placet,
1040 709 1093 745 neo
1108 691 1170 762 gla-

147 764 237 831 diola,
259 765 339 833 atqui
357 763 490 818 Messalla
509 763 593 828 dixit,
617 778 669 816 neo
687 763 902 831 parricidatum,
922 764 998 830 quod
1021 762 1053 816 in
1073 761 1168 818 Caelio

146 836 193 889 vix
208 835 356 890 tolerabile
369 836 488 900 videtur,
508 851 560 888 nec
574 834 661 888 collos
677 833 748 887 mihi
762 833 863 888 Calvus
877 832 1057 903 persuaserit.
1089 838 1168 892 oerbo

148 908 262 976 ‘placet'
282 908 398 973 fortasse
414 913 590 975 pracceptum
608 905 765 971 iudicatum
791 907 825 972 cf.
845 907 959 961 Hardcr
977 908 994 960 l.
1010 923 1032 960 c.
1053 925 1083 975 p.
1105 911 1167 963 370.

146 980 227 1034 aliter
247 981 351 1048 Meyer,
373 977 479 1033 ORF²
493 995 523 1046 p.
539 981 602 1031 500.

559 1130 579 1186 9
604 1121 651 1207 [p.
673 1122 750 1206 496]

146 1323 165 1381 d
213 1237 273 1292 iam
300 1235 412 1294 evaluit
436 1229 534 1292 ‘rebus
558 1229 735 1311 agentibus’‚
760 1235 839 1310 quod
861 1235 957 1293 Pollio
981 1236 1013 1292 in
1032 1235 1164 1294 Labieno

167 1327 278 1383 arnnat.

220 1422 313 1492 Quint.
329 1426 355 1489 9,
370 1426 396 1487 3,
411 1427 446 1476 13
464 1424 497 1474 ut
514 1437 560 1475 am
573 1454 600 1460 —
613 1437 711 1487 amnas,
730 1424 759 1474 ct
775 1421 974 1476 contumeliam
992 1422 1072 1488 fecit,
1092 1424 1164 1492 quod

147 1509 164 1546 a
179 1492 311 1547 Cicerone
325 1493 455 1561 reprendi
469 1495 568 1546 notum
583 1495 638 1558 est3
657 1493 733 1546 affici
748 1493 823 1546 enim
838 1493 1008 1546 contumelia
1023 1494 1163 1548 dicebant.

219 1607 233 1653 1
252 1600 311 1653 iam
329 1599 476 1670 Spaldiupz
496 1615 562 1652 nam
652 1598 761 1653 larieno
780 1602 821 1655 oet
838 1599 948 1654 larnano
967 1602 1044 1655 codd.

636 1754 677 1809 10

216 1858 249 1916 in
267 1858 335 1916 Tito
354 1856 440 1916 Livio
463 1859 557 1915 mirae
580 1857 736 1916 facundiae
760 1859 823 1917 viro
842 1860 930 1934 putat
952 1860 1049 1917 inesse
1068 1858 1162 1917 Pollio

148 1945 272 2005 Asinius
296 1947 446 2022 quandam
468 1945 711 2006 Patavinitatem.

222 2045 315 2114 Quint.
330 2049 356 2111 8,
371 2050 396 2110 1,
411 2049 428 2099 3
447 2045 476 2097 et
489 2059 514 2098 in
528 2059 577 2098 utto
591 2077 619 2084 -
631 2059 811 2099 Pstaamsatsm.
839 2061 934 2113 quare,
949 2045 973 2098 si
987 2045 1050 2098 fieri
1063 2048 1162 2115 potest,

148 2117 176 2168 et
195 2116 280 2168 verba
299 2115 393 2169 omnia
411 2117 441 2169 05
458 2132 511 2169 vor
529 2115 613 2168 huius
633 2115 776 2169 alumnum
799 2115 877 2170 urbis
895 2115 1003 2183 oleant,
1021 2119 1056 2169 ut
1075 2117 1162 2170 oratio

147 2187 275 2240 Romana
298 2187 382 2255 plane
405 2187 547 2254 videatur,
570 2203 627 2240 non
650 2187 763 2241 civitate
788 2187 901 2242 donata.
937 2189 1002 2242 item
1029 2189 1124 2271 Quint.
1139 2193 1162 2254 1,

148 2262 174 2324 5,
189 2262 224 2311 55
243 2258 390 2327 peregrina
412 2274 494 2328 porro
518 2274 552 2311 ex
574 2259 702 2312 omnibus
725 2275 812 2328 propa
831 2257 949 2312 dixerim
968 2261 1115 2327 gentibus,
1134 2261 1163 2312 ut

147 2329 287 2395 homiues,
310 2331 343 2382 ut
365 2329 497 2382 instituta
516 2329 602 2382 etiam
624 2329 715 2384 multa
733 2333 875 2384 venerunt.
911 2332 992 2384 taceo
1012 2331 1047 2384 de
1067 2331 1162 2384 Tuscis

148 2402 177 2454 et
203 2400 314 2453 Sabinis
343 2402 371 2454 et
395 2400 583 2454 Praenestinis
609 2418 732 2470 quoque,
761 2417 827 2455 nam
854 2403 887 2454 ut
914 2418 1010 2456 eorum
1038 2419 1162 2457 sermone

147 2475 274 2525 utentem
292 2471 419 2525 Vettium
441 2471 565 2526 Lucilius
588 2471 754 2539 insectatur,
778 2489 861 2540 quem
884 2473 921 2526 ad
939 2473 1056 2526 modum
1074 2473 1162 2528 Pollio

148 2542 292 2612 reprendit
323 2542 351 2596 in
383 2543 461 2597 Livio
489 2543 723 2609 Patavinitatem,
755 2543 822 2597 licet
854 2544 949 2597 omnia
980 2543 1082 2598 Italica
1114 2561 1161 2613 pro

148 2614 282 2668 Romanis
307 2614 436 2668 habeam.
474 2632 543 2683 quoe
565 2615 631 2670 baec
649 2617 828 2670 Patauinum
849 2617 935 2682 fucrit
956 2632 1036 2684 saepe
1058 2618 1161 2685 quaesi·

148 2693 206 2740 tam
233 2693 286 2752 cst;
318 2688 452 2741 motionis
485 2688 598 2741 colorem
629 2689 763 2755 quendam
791 2689 970 2757 perepra'aum
1000 2689 1087 2754 faisse
1119 2704 1162 2758 epo

148 2759 279 2812 0505055000.

485 2876 526 2930 11
552 2865 665 2951 [HRR
688 2875 707 2930 4
727 2867 823 2952 Peter]

216 2996 313 3055 Pollio
346 2996 468 3056 Asinius
504 3015 611 3072 parum
648 2997 807 3075 diligenter
842 3016 1009 3072 parumque
1047 2999 1165 3076 integra

149 3085 277 3144 veritate
311 3087 489 3161 compositos
522 3087 612 3161 putat
644 3079 876 3164 [commentarios
897 3081 1061 3166 caesaria,
1099 3107 1165 3148 cum

152 3173 260 3233 Caesar
291 3174 433 3250 pleraque
465 3177 496 3232 et
526 3193 601 3249 quae
631 3194 684 3250 per
714 3175 788 3234 alios
822 3178 907 3234 erant
938 3178 1024 3253 gesta
1053 3181 1165 3236 temere

39 3276 41 3280 ·
150 3261 309 3320 crediderit
328 3266 358 3320 et
378 3283 453 3338 quae
473 3282 525 3338 per
548 3282 587 3339 so,
610 3265 660 3323 vel
683 3265 818 3323 consulto
840 3266 888 3324 vel
907 3265 998 3323 etiam
1020 3269 1166 3326 memoria

150 3353 252 3428 lapsus
284 3369 441 3427 perperam
472 3351 611 3427 ediderit,
648 3355 857 3430 existimatque
888 3354 1105 3430 rescripturum
1139 3359 1168 3416 et

150 3443 351 3500 correcturum
372 3441 474 3500 fuisse.

51 3528 124 3622 fl
213 3541 289 3600 aaa.
307 3540 366 3600 aa
382 3544 418 3598 sa
436 3555 510 3597 aas
528 3573 555 3582 -
571 3555 647 3596 aas.
