2400 3824
127 182 193 247 306
278 181 485 237 Grammaticaa
504 183 606 237 aetatis
625 181 816 236 Varronianae
834 180 995 250 fragmenta

126 359 257 411 cumque:
278 361 325 397 em.
351 345 421 398 Weii
512 349 562 398 128
582 346 611 397 et
629 361 645 398 e
664 345 695 396 ut
713 343 740 397 L
758 360 808 399 cai.
831 341 854 396 0
943 345 995 395 130
1015 341 1147 395 enuntia-

126 415 231 469 tionem
255 415 326 470 Weil

540 532 606 590 283
630 524 723 610 [60⁸]

193 637 288 695 tibia
323 636 483 713 Phrygia
520 637 647 696 dextra
683 657 789 695 unum
825 638 986 696 foramen
1023 635 1147 709 habet,

125 727 278 784 sinistra
303 726 383 801 duo,
410 745 558 802 quorum
582 747 688 784 unum
712 729 854 785 acutum
878 745 1000 784 sonum
1024 725 1148 799 habet,

126 816 281 874 alterum
305 834 456 892 gravem.

197 914 270 968 Sero.
290 915 359 968 Aea.
375 918 401 980 9,
416 919 469 968 615
488 915 576 968 tibiae
596 917 646 968 aut
664 913 800 968 Serranae
819 913 959 979 dicuntur,
983 929 1058 981 quae
1082 914 1148 965 sunt

126 1001 208 1054 pares
228 987 257 1038 et
276 984 408 1052 aequales
426 985 533 1041 habent
552 1003 692 1053 cavernas,
713 988 762 1039 aut
779 985 928 1054 Phrygiae,
952 1001 1027 1053 quae
1047 986 1077 1039 et
1095 983 1147 1036 im-

125 1073 207 1125 pares
225 1059 291 1108 sunt
305 1058 333 1110 et
347 1057 511 1124 inaequales
525 1057 631 1112 habent
647 1074 786 1111 cavernas.
803 1089 835 1096 -
850 1059 883 1109 ut
897 1057 969 1110 enim
986 1058 1029 1110 ait
1044 1055 1147 1108 Varro:

126 1139 223 1182 tibia‘-
236 1153 333 1191 gravem.
362 1128 397 1194 cf.
415 1130 452 1195 fr.
467 1133 510 1183 44.

198 1253 293 1318 Rasin.
311 1270 341 1321 p.
362 1256 425 1319 573,
443 1258 481 1308 23
513 1253 684 1322 scripserunt
712 1285 745 1292 —-
774 1253 862 1306 latine
891 1253 925 1306 de
954 1251 1080 1304 numeris
1110 1251 1148 1317 hi,

127 1323 221 1377 Cicero
240 1323 402 1378 Victorinus
421 1323 558 1378 Eusebius
577 1325 761 1379 Terentianus
780 1325 868 1379 Varro

126 1447 175 1500 DE
195 1447 359 1501 NUMERIS

538 1597 632 1660 *284
674 1603 714 1658 64

194 1706 353 1780 rhythmus
370 1709 415 1766 est
432 1707 541 1782 pedum
555 1595 781 1783 tempoiunique
796 1710 935 1766 iunctura
948 1708 1035 1766 velox
1050 1707 1148 1767 divisa

126 1794 158 1853 in
190 1797 270 1853 arsin
300 1798 330 1853 et
362 1795 472 1870 thesin,
510 1797 557 1855 vel
590 1800 707 1872 tempus
736 1816 794 1872 quo
827 1796 959 1872 syllabas
992 1799 1147 1871 metimur;

127 1885 220 1943 latine
243 1902 383 1943 numerus
407 1885 524 1944 dicitur.

202 1985 277 2037 Mur.
303 1984 370 2037 Vici.
386 2001 415 2052 p.
431 1989 474 2050 41,
489 1989 526 2039 25
553 1984 679 2053 rhythmi
703 2017 736 2025 -
761 1985 839 2053 origo
868 1984 903 2038 de
931 1983 987 2038 arsi
1016 1986 1045 2037 et
1073 1984 1148 2038 thesi

127 2070 243 2108 manare
271 2053 434 2109 dinoscitur.
481 2073 546 2109 nam
573 2071 691 2120 rhythmus
708 2089 735 2095 -
754 2071 840 2110 martur.
874 2058 966 2111 Diem.
987 2073 1016 2124 p.
1032 2059 1097 2122 473,
1111 2061 1146 2111 21

127 2126 275 2194 rhythmus
294 2128 336 2178 est
355 2127 459 2193 pedum
477 2129 691 2196 temporumque
709 2128 840 2181 iunctura
858 2144 922 2180 cum
945 2127 1062 2181 levitate
1087 2127 1148 2181 sine

127 2197 219 2250 modo.
257 2197 290 2263 cf.
311 2198 427 2266 Asperat.
448 2199 480 2252 de
498 2216 567 2252 mas.
582 2203 608 2265 3,
623 2204 648 2264 1,
662 2204 688 2254 2.
715 2200 747 2253 de
765 2200 981 2265 ord.2,14,40.
1017 2199 1087 2252 Isid.
1107 2216 1147 2252 or.

129 2273 154 2334 1,
178 2273 221 2335 39,
246 2273 271 2322 3.
311 2268 403 2338 Quint.
424 2273 450 2336 9,
473 2274 499 2336 4,
525 2275 568 2323 55.
617 2271 738 2325 Varroni
764 2273 862 2326 nituit
894 2271 1051 2337 Wilmaaiis
1079 2271 1147 2324 ibid.

126 2357 153 2407 p.
169 2344 212 2394 co.
228 2344 290 2393 195.

199 2452 215 2499 2
235 2446 290 2499 arsi
310 2448 338 2498 et
356 2446 430 2500 thesi

541 2571 634 2658 *aas
659 2592 729 2677 [es]

194 2707 323 2762 metrum
341 2708 386 2762 est
405 2706 581 2779 compositio
599 2705 708 2780 pedum
723 2706 761 2764 ad
780 2707 893 2764 certum
910 2705 1000 2763 finem
1018 2705 1149 2764 deducta

129 2824 171 2833 —
195 2793 243 2851 vel
265 2793 422 2868 rhythmus
445 2795 541 2852 modis
562 2794 671 2853 finitus.

201 2893 276 2946 Mar.
303 2892 369 2946 Vici.
394 2910 423 2960 p.
449 2897 524 2959 50,4
558 2910 652 2946 mserum
675 2911 708 2948 eat
730 2926 756 2933 —
779 2907 875 2947 deducta
907 2909 956 2946 seu
989 2892 1148 2946 dictionum

129 2963 273 3030 quantitas
302 2965 329 3015 et
357 2962 480 3030 qualitas
508 2963 627 3032 pedihus
655 2965 808 3017 terminata
833 2980 869 3018 ver
885 2996 912 3003 —
930 2978 1013 3018 finitus.
1052 2965 1146 3019 Dicm.

124 3051 154 3103 p.
170 3038 265 3099 474,2
283 3037 403 3087 metrum
421 3037 464 3088 est
482 3035 587 3104 pedum
605 3034 735 3090 iunctura
757 3053 871 3089 numero
894 3036 1033 3102 modoque
1057 3035 1147 3090 finita.

128 3103 173 3156 vel
192 3104 239 3170 sic,
259 3107 379 3158 metrum
399 3108 441 3160 est
459 3105 615 3174 conpositio
634 3108 739 3176 pedum
758 3107 855 3161 ordine
875 3109 981 3161 statuto
996 3107 1148 3161 decurrens

129 3175 242 3228 modum
275 3176 422 3244 positionis
456 3176 679 3246 sublationisque
708 3195 880 3232 conservans.
927 3180 961 3246 cs.
990 3179 1037 3232 At.
1066 3178 1146 3233 Fert.

125 3264 154 3316 p.
169 3251 235 3313 282,
249 3252 274 3300 8.
308 3249 376 3302 leid.
397 3265 434 3302 or.
451 3254 476 3314 1,
492 3254 536 3314 39,
553 3255 576 3302 1.
593 3253 616 3302 5.
657 3252 754 3304 Victor.
775 3269 804 3320 p.
824 3254 888 3316 206,
908 3253 926 3304 3
949 3250 1067 3318 (Audax
1091 3267 1146 3304 exc.

125 3322 300 3387 p.331,14).
339 3321 460 3374 Varroni
478 3321 630 3375 vindicavit
648 3322 803 3376 Wilmaacs
819 3338 847 3389 p.
864 3326 908 3374 65.

556 3473 621 3531 286
662 3475 703 3530 66

177 3579 316 3640 alienum
338 3581 450 3661 pedem
475 3584 580 3642 metra
600 3466 665 3649 nis}¹
682 3466 846 3654 rgcipiant„
861 3577 968 3634 modus
984 3597 1049 3635 nnn
1059 3579 1147 3636 tacite
