2400 3824
140 216 205 280 322
290 216 496 273 Grammaticae
515 217 617 271 aetatis
635 215 826 271 varronianae
845 217 1007 287 fragmenta

138 379 328 503 Plan-ceddi
342 396 398 433 non
410 379 536 447 personis
551 379 712 444 utebantur,
726 380 758 431 ut
768 377 891 447 qualitas
907 377 1009 434 coloris
1020 376 1160 432 indicium

151 453 244 506 aceret
258 451 368 518 aetatis,
388 467 451 504 cum
466 453 559 504 essent
574 453 624 504 aut
638 450 697 504 albi
712 453 762 503 aut
779 449 854 520 nigri
869 452 919 504 aut
932 449 993 504 rufi.
1029 448 1159 518 personis

138 539 202 576 vero
220 522 264 576 uti
282 521 380 592 primis
400 522 494 592 coepit
508 522 625 577 Roscius
641 521 746 589 Gallus,
765 521 932 590 praecipuus
950 521 1066 587 histrio,
1086 520 1159 588 quod

139 593 227 648 oculis
241 594 378 663 perversis
393 593 507 665 [eversis
522 595 614 649 codd:
628 611 675 648 ene.
688 594 754 648 Keil
768 593 827 648 coil.
844 593 897 648 Oic.
913 593 945 647 de
959 599 1019 648 nat.
1036 593 1064 646 d.
1075 598 1102 659 1,
1113 591 1159 662 79]

139 668 200 719 erat
217 681 269 720 neo
288 665 356 719 satis
381 667 497 720 decorus
521 666 580 719 sine
607 665 648 737 [in
667 665 757 736 codd]
782 665 908 733 personia
932 664 988 717 nisi
1015 663 1158 732 parasitus

137 737 348 805 pronuntiabat.
390 739 472 791 aliter
490 739 593 792 Donat.
614 737 646 789 de
669 737 783 791 comoed.
803 741 860 802 6‚3
880 735 982 790 Koibel
1010 734 1157 804 personati

137 809 222 878 primi
242 809 332 879 egisse
348 809 480 863 dicuntur
497 809 670 862 comoediam
685 806 797 861 Cincius
816 807 868 879 [et]
888 806 1027 874 Faliscus,
1047 809 1157 877 tragoe-

138 881 214 933 diam
229 879 369 934 Minuciue
388 880 440 952 [et]
459 879 636 949 Prothymus.
669 880 703 946 cf.
720 880 847 946 Ribbeck,
864 879 942 934 nnn.
958 886 1031 949 bap.
1047 896 1079 947 p.
1096 883 1156 934 670.

137 969 160 1006 o.
177 957 210 1004 10
245 952 334 1007 Varro
358 952 429 1006 det.
445 952 479 1006 L.
501 956 527 1018 7,
542 955 579 1005 89
608 951 724 1005 comiter
747 949 835 1003 hilare
855 966 887 1003 ao
909 949 1052 1018 lubenter,
1078 949 1156 1004 cuius

138 1023 216 1092 origo
231 1021 340 1077 Graeca
358 1031 458 1092 κῶμος,
477 1023 544 1076 inde
562 1023 708 1076 comisatio
727 1021 814 1076 latine
834 1022 911 1075 dicta
929 1024 959 1075 et
977 1020 1156 1087 inGraecia,

138 1097 171 1147 ut
189 1095 305 1162 quidam
324 1095 458 1161 scribunt,
478 1092 617 1167 κωμῳδία.
651 1095 685 1161 ef.
705 1096 791 1148 Arist.
807 1100 878 1162 poet.
894 1097 919 1148 3.
953 1094 1059 1149 Karbel
1075 1092 1160 1149 GGF

133 1171 234 1235 pesa.
252 1172 292 1221 11.
309 1170 352 1220 12.
369 1171 412 1221 62.
429 1171 473 1220 67.
490 1171 534 1222 72.
562 1167 631 1220 leid.
647 1183 684 1220 on.
701 1170 727 1232 8,
739 1170 765 1231 7,
776 1169 801 1220 6.
831 1166 1005 1220 haecomnia
1021 1165 1157 1221 Varronis

136 1255 190 1292 ease
207 1240 277 1292 satie
294 1239 438 1293 nerninile
457 1245 508 1304 eet,
527 1239 688 1306 praesentim
707 1254 768 1291 enne
786 1254 855 1290 rara
872 1253 925 1290 eoa
950 1236 1104 1308 ‘palearia'
1125 1238 1156 1291 ab

135 1326 165 1364 eo
188 1311 220 1362 in
243 1311 312 1364 libro
336 1311 379 1364 De
402 1311 557 1364 actionibus
579 1325 668 1364 somn..
692 1315 829 1376 nennpata
855 1309 900 1377 (fr.
916 1311 964 1378 82)
989 1309 1036 1362 bie
1058 1325 1157 1364 renen

136 1381 360 1449 deprehendatur.

208 1477 221 1524 1
238 1488 335 1524 comae
350 1471 376 1524 B
387 1497 421 1514 =
432 1472 523 1525 Paris.
536 1474 616 1537 7493,
632 1471 765 1539 M(onne.)
781 1485 876 1523 comoe
891 1471 918 1523 A
928 1495 962 1513 =
973 1469 1071 1524 Paria.
1086 1474 1156 1525 7492

136 1541 257 1595 tfuerit
272 1543 338 1596 AM
400 1542 489 1595 bladi
503 1543 569 1596 AM
632 1539 835 1609 teompitalici
850 1542 991 1610 (conpA)
1048 1541 1155 1595 comice

136 1616 212 1682 (-cae
232 1614 277 1683 M)
306 1615 377 1666 odae
492 1612 592 1668 8vela
616 1628 685 1667 enea
704 1612 770 1667 AM
882 1617 913 1665 11
939 1611 1154 1668 comisationem

135 1687 278 1755 (-esa-B)
298 1686 354 1739 AB
382 1685 622 1739 commirationem
641 1685 679 1737 M
744 1683 793 1752 qni
812 1685 880 1739 AM
956 1689 989 1737 12
1010 1686 1154 1739 comaeB

508 1794 510 1798 ’
607 1821 672 1877 306

201 1921 323 1997 togatae
346 1917 466 1977 fabulae
488 1917 628 1976 dicuntur
647 1935 723 1992 quae
746 1917 874 1991 scriptae
898 1917 968 1974 sunt
991 1917 1153 1976 secundum

134 2009 209 2067 ritus
234 2010 265 2066 et
286 2006 423 2065 habitum
446 2008 600 2066 hominum
627 2009 800 2084 togatorum
823 2006 855 2064 id
879 2007 924 2064 eet
946 2004 1153 2066 Romanorum

135 2088 222 2175 (toga
253 2115 383 2171 namque
416 2096 551 2156 Romana
583 2089 652 2177 est),
689 2097 766 2154 sicut
799 2093 926 2154 Graecas
962 2094 1084 2156 fabulas
1117 2095 1152 2154 ab

134 2185 239 2244 habitu
264 2204 357 2261 aeque
380 2185 521 2261 palliatas
544 2185 641 2244 Varro
665 2187 710 2244 ait
733 2185 891 2244 nominari.

207 2276 300 2329 Dion.
320 2292 350 2344 p.
374 2279 444 2342 489,
468 2281 502 2330 14
528 2275 611 2329 initio
638 2277 754 2346 togatae
786 2273 947 2328 comoediae
976 2273 1152 2342 dicebantur,

134 2346 209 2415 quod
233 2345 327 2400 omnia
350 2346 379 2400 in
403 2346 516 2416 publico
535 2346 640 2401 honore
664 2346 779 2400 confusa
798 2345 995 2413 cernebantur,
1018 2363 1092 2414 quae
1111 2348 1152 2400 to·

133 2420 216 2487 gatae
239 2420 338 2487 postea
361 2418 391 2471 in
414 2420 606 2488 praetextatas
632 2420 661 2471 et
679 2417 854 2472 tabernarias
873 2416 1082 2472 dividebantur.
1121 2435 1152 2471 a·

133 2508 198 2553 gatae
209 2521 232 2530 -
242 2504 360 2544 nominari.
383 2491 496 2560 togatas
516 2487 619 2558 antem,
639 2506 703 2543 cum
717 2489 755 2542 sit
768 2489 899 2559 generale
913 2505 1024 2556 nomen,
1045 2489 1152 2559 specia-

132 2561 199 2616 liter
217 2565 312 2617 tamen
331 2579 381 2630 pro
401 2562 568 2616 tabernariis
588 2579 643 2615 non
662 2561 745 2615 modo
765 2560 919 2614 communis
934 2576 1010 2614 error
1023 2562 1151 2630 usurpat,

133 2633 181 2702 qui
200 2633 299 2687 Afrani
323 2633 403 2705 [quia
421 2632 500 2686 fauni
519 2633 608 2704 codd]
626 2634 739 2704 togatas
759 2631 898 2702 appellat,
924 2631 973 2686 sed
992 2632 1022 2686 et
1040 2634 1151 2701 poetae,

132 2707 165 2758 ut
178 2705 312 2759 Horatius
332 2705 381 2773 qui
401 2706 442 2759 ait
461 2706 534 2776 [ΑΡ
545 2705 628 2776 288]:
655 2704 709 2759 ‘vel
728 2703 777 2772 qui
795 2705 955 2773 praetextas
974 2703 1020 2757 vel
1035 2704 1085 2771 qui
1104 2705 1152 2758 do·

133 2792 214 2830 cuerc
233 2778 366 2846 togatas’.
385 2779 547 2846 togatarum
565 2775 725 2830 fabularum
744 2775 851 2844 species
870 2775 913 2830 tot
927 2774 986 2828 fere
1000 2777 1068 2829 sunt
1082 2777 1152 2844 quot

133 2848 162 2901 et
184 2847 372 2918 palliatarum.
410 2865 481 2902 nam
494 2849 586 2918 prima
605 2847 712 2916 species
731 2849 774 2900 est
796 2848 958 2918 togatarum
977 2862 1051 2914 quae
1069 2863 1151 2916 prae-

132 2921 258 2974 textatae
277 2920 416 2987 dicuntur,
435 2920 466 2973 in
485 2920 586 2989 quibus
605 2920 806 2988 imperatorum
819 2918 935 2989 negotia
950 2918 1110 2988 agebantur
1124 2919 1152 2972 et

132 2991 246 3059 publica
274 2992 303 3046 et
325 3007 404 3060 regas
428 2991 548 3045 Romani
573 2991 620 3045 vel
647 2992 731 3045 duces
756 2990 940 3056 inducuntur,
966 3006 1151 3058 personarum

132 3062 272 3132 dignitate
292 3064 321 3116 et
339 3063 543 3134 [personarum]
563 3061 737 3116 sublimitate
756 3061 910 3133 tragoediis
930 3059 1044 3116 similes.
1070 3077 1150 3132 prae·

131 3135 257 3187 tentatae
272 3135 367 3188 autem
382 3134 520 3202 dicuntur,
536 3134 603 3202 quia
617 3133 674 3188 fere
688 3151 787 3204 regum
800 3132 845 3187 vel
858 3132 1086 3203 magistratuum,
1102 3133 1150 3202 qui

131 3207 279 3274 praetexta
296 3207 423 3274 utuntur,
444 3206 474 3259 in
493 3206 552 3260 eius
571 3206 649 3260 modi
667 3205 772 3259 fabulis
791 3206 855 3258 acta
874 3203 1149 3274 conprehendantur.

133 3277 256 3331 secunda
275 3277 382 3346 species
397 3277 483 3350 (est)
502 3279 663 3348 togatarum
683 3293 754 3345 quae
773 3275 950 3330 tabernariae
970 3275 1105 3331 dicuntur
1124 3277 1151 3330 et

131 3347 292 3402 humilitate
310 3365 491 3418 personarum
511 3352 539 3403 et
553 3351 781 3419 argumentorum
795 3347 982 3403 similitudine
996 3347 1150 3403 comoediis

128 3435 221 3488 pares,
240 3419 270 3473 in
289 3420 390 3488 quibus
410 3438 465 3476 non
483 3421 667 3491 magistratus
685 3437 799 3490 regesve
818 3420 868 3475 sed
886 3418 1008 3474 humiles
1021 3419 1149 3474 homines

121 3494 152 3544 et
170 3492 305 3562 privatae
330 3491 430 3550 domus
454 3493 636 3562 inducuntur,
658 3507 731 3562 quae
754 3491 869 3561 quidem
889 3490 1042 3614 Quaedam
1059 3490 1149 3563 codd]

108 3562 192 3634 olim,
221 3567 302 3637 quod
331 3567 442 3626 tabulis
468 3569 648 3643 tegerentur,
673 3561 857 3621 communiter
872 3563 908 3614 ta
924 3577 1008 3616 ernau
1029 3563 1149 3642 §neriae

94 3636 197 3712 codd]
227 3642 425 3702 vocabantur.
469 3645 565 3702 tertia
595 3639 709 3716 species
736 3638 783 3693 est
806 3631 972 3712 tabularum
990 3630 1169 3695 trutinarum,
