2400 3824
443 183 471 238 G.
490 183 585 238 Aelius
605 183 702 238 Gallus
1013 186 1077 250 547

125 344 207 398 'Fesa
222 362 252 412 p.
272 348 355 410 27302,
370 347 405 397 13
427 360 491 397 reus
514 362 588 398 nunc
612 345 716 398 dieitur
739 344 787 412 qui
811 361 925 399 oausam
948 345 1026 412 dicit,
1051 349 1079 400 07

62 415 133 468 ilem
152 416 200 484 qui
220 415 288 484 quid
307 415 437 483 promisit
456 416 642 485 spoponditve
657 433 689 470 aa
704 416 796 470 debet.
826 418 856 470 07
871 416 967 470 Gallus
981 417 1078 471 Aelius

63 485 125 540 1.ss
144 486 382 556 significationum
401 485 557 553 verborum,
576 503 649 554 quaa
669 487 704 539 ad
724 487 767 540 ius
787 488 938 556 portinent,
956 488 1009 541 ait:
1028 515 1079 543 reus

63 576 95 611 est
113 591 140 596 —
158 575 195 612 au.
215 572 269 620 quia
287 572 393 621 promisit.
431 560 461 612 07
485 557 585 627 Capito
609 559 707 612 Ateius
734 559 781 630 [fr.
798 559 852 630 10].
896 561 930 626 ef.
950 560 1019 614 laid.
1038 577 1077 614 or.

65 635 108 694 10,
122 634 187 684 238.
217 634 319 695 18,15,
335 634 360 683 7.
395 630 479 685 001
498 630 632 695 111076,
647 635 690 684 60.
724 631 772 684 JV
787 635 851 697 279,
866 635 908 684 57.

136 741 150 788 ‘2
170 736 206 806 is]
225 735 269 788 his
359 742 375 789 4
399 736 501 804 quibus
524 735 675 804 pepulatus
699 739 750 802 est,
774 753 830 790 non
852 737 897 790 his
921 735 969 804 qui
994 736 1078 792 aller:

63 823 111 860 em.
137 808 195 862 Urs.
288 812 302 860 7
322 824 378 862 non
396 807 461 861 add.
483 808 588 861 OMue.
608 808 690 876 quive
709 825 749 879 aq.

513 961 532 1017 6
557 951 627 1037 [15]

131 1073 215 1131 711.
261 1074 378 1132 saltus
406 1076 460 1132 est
483 1073 543 1131 ubi
567 1073 682 1132 silvae
706 1076 741 1132 et
767 1075 955 1150 pastiones
983 1077 1079 1149 sunt,

65 1181 215 1236 quarum
238 1181 345 1221 causa
369 1181 471 1221 casae
499 1181 655 1238 quaqua:
684 1165 714 1221 si
742 1182 812 1238 qua
834 1163 1020 1237 particula
1042 1165 1079 1221 in

64 1269 102 1309 ao
136 1253 236 1310 saltu
267 1254 452 1327 pastorum
486 1255 552 1311 aut
584 1251 773 1311 custodum
806 1270 913 1311 causa
945 1255 1078 1328 aratur,

63 1359 176 1399 sares
196 1360 264 1399 non
282 1340 435 1416 peremit
457 1360 582 1399 nomen
601 1342 732 1414 saltus,
755 1360 823 1400 non
841 1341 955 1420 magis
975 1361 1079 1416 quam

63 1430 182 1503 fundi,
213 1432 275 1504 qui
298 1432 352 1488 est
381 1430 417 1488 in
441 1449 526 1507 agro
551 1431 650 1489 culto
674 1434 708 1488 07
732 1433 807 1489 aius
836 1449 944 1490 causa
970 1431 1105 1490 habet⁶

63 1519 287 1592 aedificium,
318 1521 348 1578 si
372 1537 439 1593 qua
466 1520 651 1594 particula
679 1520 715 1578 in
739 1539 777 1578 eo
805 1519 913 1578 habet
940 1520 1077 1579 silvam.

135 1618 209 1672 Fest.
221 1634 250 1684 p.
266 1621 346 1683 302⁶,
360 1621 398 1671 20
417 1616 521 1670 saltum
536 1616 633 1671 Gallus
648 1617 744 1671 Aelius
758 1616 777 1670 l.
792 1617 817 1670 ΙΙ
831 1617 1077 1688 significationum,

63 1703 135 1756 quaa
154 1688 191 1741 ad
209 1688 253 1740 ius
272 1687 427 1756 perlimat,
451 1688 493 1742 ita
511 1687 622 1742 definit:
641 1705 710 1743 susus
723 1707 756 1743 est
768 1721 795 1728 —
808 1704 893 1743 auvam
930 1689 965 1755 cf.
990 1691 1077 1746 Varro

63 1760 95 1812 de
115 1760 131 1813 l.
151 1761 185 1814 L.
206 1765 231 1825 5,
251 1764 295 1813 36.
332 1761 406 1814 Non.
426 1777 457 1828 p.
477 1763 539 1826 387,
559 1764 583 1815 7.
621 1761 689 1815 Jsid.
714 1766 811 1826 or.14,
831 1764 921 1827 8,25.
942 1764 986 1827 17,
1006 1766 1076 1828 6,·8.

65 1831 150 1885 001·
164 1832 287 1897 17160,
303 1836 345 1885 10.
364 1835 429 1897 281,
448 1835 491 1885 30.

135 1944 151 1989 4
171 1937 257 1990 saltui
275 1938 331 1991 cod.
351 1937 450 1990 salluis
470 1937 541 1992 Saul.
561 1955 600 1991 aa
619 1937 749 1992 saltuus?
775 1938 818 2007 (cf.
838 1940 874 2005 fr.
889 1942 934 2004 17,
952 1940 980 2008 3)

511 2091 532 2146 7
556 2081 627 2167 [23]

105 2278 107 2282 .
130 2204 148 2261 l.
168 2204 214 2262 ΙΙ.
258 2202 288 2261 G.
307 2202 410 2262 Aelius
435 2202 539 2262 Gallus
562 2205 593 2261 in
616 2204 693 2263 libro
713 2203 748 2262 de
772 2203 989 2282 sigujfications
1012 2225 1077 2264 ver-

62 2292 176 2365 borum,
204 2311 281 2368 quae
305 2292 343 2350 ad
369 2294 416 2351 ius
440 2293 527 2352 civile
554 2295 714 2368 pertinent,
741 2293 869 2352 secundo
897 2293 1077 2353 vestibulum

64 2400 126 2440 asse
146 2382 220 2440 dicit
242 2401 302 2440 non
324 2382 356 2438 in
378 2382 451 2457 ipsis
476 2381 597 2441 aedibus
616 2401 713 2458 nequa
735 2385 853 2457 partem
876 2383 1002 2458 aedium,
1026 2384 1078 2442 sed

62 2471 160 2529 locum
181 2473 249 2528 ante
272 2472 394 2529 ianuam
412 2471 516 2531 domus
535 2489 671 2545 vacuum,
694 2490 746 2546 per
765 2491 852 2546 quem
872 2473 956 2530 avia
978 2473 1076 2531 aditus

62 2577 255 2634 accessusque
279 2559 316 2619 ad
340 2559 421 2618 aedis
445 2562 498 2633 esl,
526 2578 593 2619 oum
616 2559 720 2619 dextra
747 2562 926 2636 sinislraque
954 2561 1103 2620 ianuamb

61 2652 200 2724 tectaque
224 2651 294 2708 sunt
320 2651 387 2707 vias
410 2650 512 2707 iuncta
540 2652 628 2724 atque
652 2651 719 2724 ipsa
745 2649 836 2707 ianua
858 2650 962 2725 procul
986 2668 1004 2707 a
1027 2652 1077 2708 via

63 2741 108 2797 ast
131 2756 200 2796 arsa
223 2737 343 2796 vacanti
365 2738 512 2797 intersita.

137 2836 204 2890 Gell.
225 2841 269 2902 16,
293 2840 318 2902 5,
341 2839 361 2889 2
386 2835 572 2889 animadverti
598 2835 674 2889 anim
700 2836 836 2903 quosdam
864 2837 1076 2904 hautquaquam

61 2907 190 2961 indoctos
205 2907 277 2961 viros
297 2906 406 2975 opinari
419 2905 589 2960 vestibulum
603 2922 663 2961 esse
677 2912 787 2976 partem
802 2907 900 2961 domus
916 2908 1076 2976 primorem,

63 2994 149 3047 quam
163 2977 262 3048 vulgus
278 2977 380 3031 atrium
396 2981 485 3032 vocat.
514 2991 536 3032 G.
550 2990 629 3032 Aelius
642 3010 668 3016 —
682 2993 789 3032 intersita.
818 2981 942 3034 Maerob.
959 2985 985 3046 6,
999 2984 1028 3046 8,
1042 2985 1078 3036 16

62 3063 85 3103 c.
100 3062 178 3103 Aenus
197 3048 344 3120 [caecilius
359 3050 463 3120 Paris]
479 3063 557 3104 uanus
569 3049 612 3104 vir
626 3049 804 3103 doctissimus
818 3065 843 3104 ln
855 3065 914 3104 uum
928 3083 955 3091 -
968 3076 1077 3106 massua

62 3146 105 3184 que
124 3120 253 3175 adfores
272 3120 385 3174 aedium
400 3120 443 3174 sit.
481 3120 544 3189 ipsa
563 3120 638 3173 enim
656 3120 743 3174 ianua
756 3121 853 3188 procul
875 3137 892 3175 a
917 3122 962 3175 via
981 3122 1076 3188 fiebat,

62 3208 129 3245 area
147 3192 277 3246 intersita
290 3207 362 3260 quae
376 3194 496 3245 vacaret.
525 3193 632 3259 cflNou
641 3209 671 3260 p.
688 3197 732 3258 53,
747 3197 771 3246 3.
801 3193 872 3247 Serv.
888 3195 957 3248 Aen.
972 3197 999 3260 2,
1014 3199 1075 3248 469.

63 3269 89 3330 6,
103 3267 159 3318 273
178 3265 280 3332 (Varro
298 3266 334 3330 fr.
349 3266 423 3333 460).

136 3385 149 3432 1
170 3377 641 3448 001100Ραν70.(7(0)00117007077.;
665 3396 713 3432 em.
733 3381 879 3434 Pantanus
961 3385 977 3432 6
999 3381 1077 3433 tecta

62 3465 135 3516 quaa
162 3451 297 3520 Maqliab.
325 3452 423 3519 Reqiu.
450 3453 504 3504 597
529 3457 554 3505 et
576 3454 649 3504 1646
674 3451 766 3504 Paris.
793 3469 827 3504 m.
851 3455 870 3504 2
898 3452 973 3504 70070
1003 3453 1075 3506 Voss.

62 3522 127 3660 quuet.
138 3522 337 3648 §offiselzela
353 3522 449 3577 Cario
468 3523 545 3576 70070
563 3521 694 3589 saepiunt
714 3523 832 3593 17106079
846 3521 974 3594 (antae)
988 3524 1077 3576 tecta-

814 3683 867 3734 uu*
