2400 3824
109 168 153 231 24
294 168 500 222 Grammaticae
521 169 770 224 antevarronianae
788 169 947 239 fragmenta

107 329 156 382 sed
180 345 252 397 quae
275 329 431 398 gignuntur
454 330 550 383 statim
573 329 647 383 vieta
669 332 697 383 et
715 329 813 383 mollia
832 332 918 397 atque
936 329 966 381 in
984 327 1127 398 principio

107 402 173 452 sunt
195 400 293 465 uvida,
319 417 375 454 non
398 402 509 453 matura
527 419 592 455 mox
610 401 681 454 fiunt
700 401 749 454 sed
767 400 871 469 putria.
908 400 1129 467 relinquendum

106 471 196 540 igitur
218 472 308 524 visum
332 474 374 525 est
397 472 427 524 in
450 473 577 541 ingenio,
602 473 675 539 quod
701 473 760 525 dies
783 474 869 541 atque
889 474 967 524 aetas
986 471 1127 525 mitificat

106 543 218 667 efidttest.
235 548 261 597 2.
280 545 347 598 baec
364 545 580 597 narratiuncula
599 546 715 598 Marcia
734 545 809 612 (ibid.
826 545 887 613 143)
907 545 965 597 aeri
983 544 1130 598 dissimilia

107 631 134 668 ar
155 631 222 667 eur.

180 709 212 756 13
231 703 360 758 molliora
382 704 454 758 Oisal
527 711 560 757 14
579 706 622 757 est
636 711 701 773 poet
718 704 809 772 pomis
828 721 885 758 non
903 705 977 758 nulli
994 705 1073 758 codd.

178 797 220 845 11.
241 794 316 846 Plin.
332 812 359 846 n.
374 795 399 846 11.
415 797 459 858 34,
478 798 514 847 19
533 795 661 845 notatum
680 792 715 846 ab
735 793 897 846 auctoribus
917 794 946 846 et
964 793 993 846 L.
1010 792 1130 846 Accium

106 864 221 932 poetam
244 863 273 915 in
298 862 482 918 Camenarum
506 864 575 917 aede
599 863 723 916 maxima
747 864 837 917 forma
861 866 983 917 statuam
1003 865 1059 916 sibi
1079 881 1130 932 po·

107 935 208 1002 saissa,
239 952 301 988 cum
325 934 416 988 brevis
440 936 592 989 admodum
616 935 723 989 fuisset.
762 936 796 1002 cf.
816 936 907 989 Lucil.
926 936 961 1001 fr.
978 939 1022 988 30.
1042 937 1131 990 simu·

108 1007 215 1059 lacrum
255 1008 392 1074 quoddam
434 1008 514 1061 Accii
553 1008 672 1061 creditur
713 1012 805 1061 entare
843 1008 1013 1074 (Bernaulli,
1048 1008 1130 1061 Rau.

109 1079 236 1147 ltonopr.
257 1083 282 1143 1,
296 1080 371 1147 289).

180 1182 194 1228 1
214 1175 325 1228 Attium
344 1177 386 1230 acl
403 1174 517 1228 Actium
536 1176 612 1230 codd.

108 1317 342 1373 SCRIPTORUM

179 1421 222 1469 12.
257 1417 322 1470 Vcll.
342 1418 404 1470 Pat.
426 1421 456 1482 1,
475 1419 559 1483 17,1
588 1415 617 1467 in
640 1416 726 1469 Accio
755 1415 884 1484 circaque
913 1433 977 1468 cum
1000 1415 1132 1469 Romana

107 1487 290 1556 tragoedia
309 1489 359 1541 est.
397 1488 434 1541 id.
449 1492 476 1552 2,
492 1493 517 1551 9,
532 1492 549 1540 3
569 1486 644 1540 clara
663 1488 750 1540 etiam
769 1504 819 1556 per
835 1489 911 1542 idem
926 1487 988 1540 aevi
1003 1488 1130 1556 spatium

107 1561 185 1612 tuere
209 1559 323 1628 ingenia
345 1559 376 1611 in
398 1559 505 1628 togatis
526 1559 649 1624 Afranii,
673 1558 702 1610 in
725 1559 879 1628 tragoediis
903 1558 1017 1610 Pacuvii
1042 1561 1131 1626 atque

107 1630 194 1684 Accii.
234 1631 288 1684 Cic.
313 1647 364 1698 pro
390 1633 487 1685 Planc.
504 1635 539 1683 59
565 1631 658 1700 gravis
682 1633 711 1682 et
734 1630 896 1700 ingeniosus
921 1631 1008 1698 poeta
1033 1631 1070 1696 cf.
1092 1631 1130 1683 id.

103 1719 157 1771 pro
185 1702 251 1756 Sisi.
281 1705 343 1754 120.
394 1709 462 1756 orat.
493 1706 536 1755 36.
588 1702 666 1755 acad.
694 1707 788 1767 1,1a.
839 1703 909 1756 Har.
936 1719 975 1770 cp.
999 1705 1132 1768 a,1,56

109 1772 358 1841 aufertiPacuvius
385 1772 461 1826 docti
486 1772 593 1824 famam
619 1772 705 1839 senis,
735 1773 836 1826 Accius
861 1772 913 1826 alti
935 1773 1063 1827 Ps·Acra
1093 1773 1131 1826 ud

110 1845 183 1898 bunc
197 1846 213 1898 l.
233 1845 335 1897 Accius
354 1844 446 1897 iunior
465 1847 550 1913 poeta
570 1860 619 1896 suo
638 1844 752 1913 ingenio
771 1843 939 1912 praecelluit
954 1843 1130 1912 Euripidem,

108 1916 156 1982 qui
184 1914 240 1968 fuit
263 1915 336 1968 altus
361 1919 390 1969 et
413 1915 540 1969 sublimis
564 1915 686 1984 ingenie
735 1917 804 1969 addc
828 1923 884 1970 test.
905 1919 929 1968 3.
950 1920 974 1969 6.
994 1920 1020 1968 8.
1041 1919 1128 1968 9.10.

110 1987 187 2041 Ouid.
216 1992 452 2053 aa.1,15,19.
510 1989 613 2041 Vitrua.
639 1992 669 2052 9,
688 1991 731 2040 16.
783 1989 858 2041 Pers.
884 1993 909 2053 1,
925 1990 969 2040 76.
1024 1987 1128 2041 Galam.
1167 1993 1170 2000 '

104 2059 195 2127 praef.
210 2063 255 2112 21.
292 2060 394 2112 Accius
412 2060 522 2126 scripsit
540 2064 566 2112 ct
579 2065 745 2127 praetentas.

180 2151 221 2200 13.
244 2146 426 2199 Annalium
450 2147 533 2199 libri
557 2154 742 2201 nicrnarantnr
764 2166 782 2201 a
805 2148 887 2201 Festa
912 2149 949 2215 (p.
968 2148 1056 2212 14611,
1086 2151 1129 2213 31,

109 2219 159 2271 nbi
176 2236 306 2272 nurncrus
321 2219 449 2272 XXVII
468 2220 667 2272 dubitationem
687 2223 782 2287 ricouct)
805 2221 952 2273 Prisciano
972 2219 1128 2272 Macrobio.

179 2311 221 2359 14.
247 2307 322 2360 Ptin.
346 2325 373 2360 n.
397 2309 421 2359 b.
442 2312 488 2372 18,
515 2311 570 2360 200
593 2307 695 2360 Accius
719 2308 749 2360 in
772 2307 956 2360 Praxidica
980 2308 1019 2360 id.
1044 2307 1130 2360 iudea

111 2377 149 2431 ad
171 2379 244 2431 bunc
268 2379 284 2431 l.
305 2393 338 2430 ex
362 2379 446 2430 Accio
473 2379 521 2445 qui
545 2379 693 2431 Praxidica
719 2379 831 2446 scripsit
856 2380 888 2432 dc
912 2380 995 2432 astris
1021 2379 1130 2432 uidetur

110 2449 178 2502 liber
196 2449 289 2515 fnisse,
314 2449 361 2503 scd
380 2450 412 2502 dc
431 2451 465 2503 L.
481 2453 564 2503 Accio
584 2456 691 2504 auctore
711 2451 847 2504 dubitatio
866 2457 910 2503 cst.
948 2450 982 2515 cf.
1005 2450 1129 2514 Crustas,

108 2521 206 2574 Pbilcl.
228 2525 273 2586 57,
289 2525 350 2574 642.
392 2521 573 2575 Wilancaiaitr
608 2522 722 2576 Hernica
741 2525 785 2587 34,
801 2525 862 2574 637.
900 2522 944 2574 bic
966 2520 1128 2574 Praxidicia

108 2593 194 2645 altero
213 2593 270 2646 loco
288 2593 459 2646 scribendum
478 2609 531 2646 csse
550 2593 655 2646 conicit.

180 2685 223 2734 15.
242 2680 416 2749 Parergon
435 2680 520 2734 libri
538 2683 616 2734 senat
634 2699 652 2734 a
670 2682 766 2734 Nonio
785 2682 943 2750 (116119)
965 2682 1128 2748 laudantur,

110 2752 142 2804 dc
152 2754 251 2819 quibas
261 2753 394 2806 audacior
404 2754 559 2806 coniectura
570 2752 712 2806 Ribbeclcii
725 2752 778 2805 Ra.
791 2754 866 2807 Mus.
877 2756 911 2805 41
923 2754 1019 2822 (1886)
1028 2770 1057 2821 p.
1067 2757 1126 2808 631.

180 2839 1127 2897 16.Sotadicorumlibru1nlaGellioctPriscianancrnaratnm

63 2979 66 2984 Ι
107 2913 207 2965 rectius
234 2929 252 2963 a
280 2912 469 2966 Didascalicis
496 2920 591 2966 contra
619 2912 783 2966 Lachmann
811 2913 870 2981 (Kb.
890 2913 1002 2980 schrift.
1021 2917 1053 2978 2,
1083 2917 1126 2982 69)

109 2984 230 3051 aliasque
248 2984 443 3049 separabimus.

179 3075 221 3124 17.
244 3070 297 3124 Cic.
313 3089 367 3139 pro
381 3073 463 3125 Arcti.
478 3076 515 3126 27
533 3071 665 3125 Decimus
684 3073 799 3141 quidem
817 3073 921 3126 Brutus
941 3091 1066 3127 summus
1086 3073 1127 3126 vir

107 3143 136 3195 et
161 3141 315 3209 imperator
340 3144 408 3195 Acci
436 3143 600 3196 amicissimi
626 3144 670 3196 sui
698 3144 869 3198 carminibus
898 3144 1070 3212 templorum
1095 3161 1126 3198 ae

109 3212 345 3266 monimentorum
360 3214 454 3267 aditus
470 3215 613 3268 exornavit
628 3233 748 3269 suorum.
782 3217 868 3270 Scbal.
884 3217 953 3270 Bab.
969 3217 1008 3270 ad
1022 3218 1096 3271 bunc
1110 3218 1126 3270 1.

103 3301 132 3351 p.
149 3288 203 3337 359
225 3284 269 3338 Or.
298 3284 344 3337 hic
368 3285 471 3338 Brutus
495 3285 644 3339 Gallaeeus
672 3286 728 3338 luit
761 3290 945 3356 cognomento
970 3288 1006 3340 ob
1029 3304 1074 3341 res
1097 3287 1127 3340 in

106 3354 246 3423 Hispania
264 3373 320 3408 non
338 3356 430 3409 minus
450 3359 562 3411 strenue
582 3375 665 3424 quam
684 3357 805 3411 feliciter
823 3360 924 3427 gestas.
960 3359 1022 3412 eius
1041 3359 1127 3413 etiam

102 3426 212 3477 nomini
224 3426 357 3496 (dicatus
366 3427 469 3500 Accii>
479 3431 580 3497 poetae
595 3429 696 3497 tragici
712 3431 790 3481 extat
803 3429 883 3495 liber,
899 3429 978 3482 cuius
990 3429 1126 3498 plurimos

92 3507 193 3560 uersus,
216 3514 290 3576 quos
309 3502 496 3555 saturnios
514 3500 746 3572 appellauerunt,
763 3499 904 3553 uestibulo
915 3500 1020 3566 tempii
1027 3500 1129 3553 mertis

70 3568 286 3634 superscripsit
303 3569 424 3628 Brutus.
467 3577 580 3631 einiilia
604 3575 670 3629 Val.
694 3575 779 3628 Man.
801 3574 891 3636 8,14,
906 3572 933 3620 2.

21 3630 28 3733 1
