2400 3824
390 149 467 203 Iuba.
506 148 618 203 Sinnius
638 143 738 218 Capito

350 407 559 495 SINNIUS
592 408 779 494 ΟΑΡΙΤΟ

400 631 437 696 A.
462 630 731 696 TESTIMONIA

56 718 167 772 visin

129 831 152 878 1.
177 825 296 880 Sinnius
315 825 413 894 Cupito
431 827 539 880 nomine
558 832 583 879 et
602 827 759 897 coqnominc
782 827 817 879 ab
837 826 963 879 omnibns
982 833 1074 880 aucto·

53 898 132 951 ribus
158 898 322 965 appellatur,
347 899 396 951 loc
420 899 515 951 oreline
538 903 692 952 constanter
716 915 733 950 a
757 898 839 951 Festo
862 903 958 965 quater
981 897 1075 963 decies,

54 969 133 1022 semel
156 984 230 1022 oerso
254 969 349 1022 ordine
369 969 480 1036 ‘Capito
498 968 637 1033 Sinnius',
660 969 811 1037 ibidemque
829 975 972 1037 praeterea
990 971 1076 1024 sanies

57 1041 89 1093 in
109 1041 216 1093 lacunis
230 1040 330 1094 codicis
348 1040 435 1094 solnm
453 1057 550 1094 nomen
568 1057 744 1110 coqnomenoe
758 1057 819 1094 cum
833 1046 911 1105 222222,
929 1057 1076 1111 coquomen

58 1128 185 1165 nomenve
208 1112 316 1179 eupleta
333 1118 405 1165 sunt.
442 1129 524 1178 nnus,
548 1118 579 1165 nt
595 1112 669 1178 solet,
693 1113 802 1165 Paulus
824 1112 897 1165 lianc
919 1113 1001 1181 leqem
1019 1129 1077 1166 non

58 1185 187 1251 sequitur.
225 1184 260 1249 cf.
281 1183 341 1237 Sec.
361 1184 438 1236 Enn.
458 1189 514 1236 lest.
535 1187 550 1236 1
569 1189 594 1236 et
614 1184 749 1237 Veranius
766 1183 803 1248 fr.
818 1188 861 1238 12.

130 1277 156 1326 2.
176 1273 209 1325 ele
222 1272 318 1327 Sinnii
336 1272 501 1340 temporibus
519 1272 612 1326 omnia
630 1279 793 1342 arqumcnla
811 1272 916 1342 colleqit
929 1272 1075 1326 subtiliter·

59 1361 109 1411 que
127 1344 245 1397 eccussit
264 1345 301 1397 M
305 1344 391 1397 Hertz
409 1343 537 1412 (Sinnius
553 1344 658 1411 Capito.
677 1344 777 1398 Berlin
792 1347 863 1397 1844
876 1361 907 1412 p.
923 1345 1031 1411 6-15),
1045 1350 1078 1397 ut

59 1415 124 1467 inde
143 1415 312 1469 concluderet
330 1414 460 1469 Sinnium
476 1415 598 1469 Varrone
616 1415 760 1483 aliquanto
778 1415 912 1468 iuniorem
930 1415 1024 1481 fuisse.
1053 1421 1078 1468 et

59 1503 120 1539 eum
139 1487 179 1540 oel
200 1487 340 1540 lominum
359 1488 458 1540 uelatis
475 1487 565 1554 spatio
585 1493 648 1554 post
666 1487 812 1540 Aurelium
833 1485 953 1553 Opillnm
971 1486 1077 1540 clarum

59 1559 180 1612 extitisse
198 1575 227 1612 eo
245 1558 432 1624 confirmatur,
452 1557 600 1625 quodcum
623 1559 807 1612 soloecismum
830 1558 947 1612 Sinnius
968 1559 1078 1625 eiusque

60 1629 186 1696 aequales
209 1629 416 1698 imparilitatem
438 1630 649 1697 appellaverint,
672 1629 864 1698 stribiliqr'nem
882 1635 974 1682 autem
992 1628 1077 1682 ‘aaa

56 1701 164 1754 stiores'
185 1701 229 1767 qr.
245 1703 282 1769 2),
300 1701 349 1754 los
365 1699 451 1767 Opilii
468 1700 524 1765 fere
541 1701 667 1767 aequales
680 1716 734 1754 esse
748 1701 783 1753 ab
802 1702 945 1767 interprete
959 1701 1078 1768 quodam

60 1772 171 1825 Donati
188 1773 340 1839 accepimus
362 1772 443 1839 (Aur.
467 1770 547 1840 Opill.
566 1773 671 1840 1217).
709 1772 744 1837 cf.
765 1773 846 1824 etiam
865 1771 903 1824 ael
919 1773 956 1838 fr.
971 1776 996 1826 1.
1017 1775 1041 1825 5.

134 1864 158 1913 3.
180 1860 248 1914 Gcll.
265 1865 289 1925 5,
304 1864 349 1926 21,
365 1863 382 1913 9
402 1858 482 1913 Sinni
502 1858 647 1928 Capitonis
666 1859 822 1914 doctissimi
840 1858 893 1912 viri
911 1861 945 1928 cf.
961 1866 1017 1915 test.
1033 1865 1059 1914 4,

62 2019 294 2074 SCRIPTORUM

133 2151 157 2200 4.
187 2147 302 2200 Hieron.
331 2146 363 2199 in
392 2145 459 2198 Gen.
480 2148 505 2211 3,
520 2148 574 2199 319
612 2145 682 2199 Vall.
714 2144 841 2214 legamus
873 2144 1006 2201 Varronis
1039 2145 1079 2198 de

62 2216 341 2284 antiquitatibus
365 2215 452 2269 libros
472 2218 500 2268 st
520 2215 610 2268 Sinnii
630 2215 774 2285 Capitonis
794 2219 823 2270 et
841 2215 978 2270 Graecum
996 2215 1079 2270 Phla-

61 2290 150 2357 gonta
164 2289 326 2355 ceterosque
346 2287 550 2341 eruditissimos
565 2288 637 2341 viros
657 2289 686 2340 ct
704 2287 861 2340 videbimus
876 2304 970 2342 omnes
989 2305 1078 2357 paene

61 2359 169 2413 insulas
194 2361 222 2413 et
244 2359 332 2413 totius
357 2359 431 2413 orbis
455 2358 540 2412 litora
565 2360 710 2426 terrasque
736 2359 807 2411 mari
833 2359 939 2413 vicinas
964 2357 1078 2413 Graecis

62 2431 166 2485 accolis
185 2433 345 2500 occupatas.
389 2431 424 2497 ef.
443 2430 530 2484 Hertz
549 2430 615 2484 illel.
630 2448 660 2500 p.
675 2433 720 2484 23.
739 2434 776 2484 25
795 2437 820 2484 22
838 2431 917 2497 infra
931 2433 1021 2499 praef.
1042 2430 1080 2485 ael

61 2506 115 2557 inc.
135 2505 188 2557 scol.
207 2504 244 2569 fr.
259 2520 289 2571 p.
305 2506 368 2555 459.

135 2616 149 2662 2
171 2608 276 2662 Sisinni
295 2609 370 2663 codol.

135 2739 159 2788 5
179 2736 257 2788 Lact
273 2735 299 2787 el
315 2735 333 2786 i
349 2736 430 2798 6,20,
441 2737 475 2786 35
494 2731 633 2801 paulatim
647 2733 742 2785 tamen
757 2734 785 2785 et
800 2732 899 2786 ceteris
915 2732 968 2784 diis
984 2732 1080 2802 [antea
1111 2774 1116 2782 .

60 2813 212 2860 memorant
212 2824 247 2859 nr
201 2805 310 2860 risa
300 2811 345 2859 22
346 2822 399 2858 nus
413 2751 513 2859 Liberp
511 2805 586 2871 Nept
587 2803 670 2874 unus]
689 2801 765 2857 idem
779 2803 867 2857 honos
883 2803 971 2857 tribui
986 2804 1081 2872 eoepit

61 2876 223 2959 singulique
243 2876 303 2928 ludi
323 2874 482 2930 nominibus
498 2891 593 2928 eorum
612 2875 769 2928 consecrati
785 2877 858 2943 sunt,
877 2875 951 2928 sicut
965 2874 1079 2928 Sinnius

61 2948 190 3016 Capit'o
182 2966 212 3000 1n
231 2947 333 3001 libris
353 2945 631 3016 spectaculorum
650 2945 739 2999 docet.

135 3059 159 3108 6
192 3062 336 3124 praeterea
360 3054 478 3108 Sinnius
503 3053 697 3124 qrammaticas
724 3052 863 3136 epistulas,
891 3053 1010 3107 libellum
1035 3054 1080 3108 De

59 3128 188 3198 spllabis,
213 3127 329 3192 fortasse
352 3127 434 3179 etiam
453 3125 485 3178 ele
499 3125 653 3192 mooecbiis
674 3125 797 3192 scripsit,
820 3124 970 3192 dequibus
992 3125 1077 3190 infra.

59 3199 105 3252 oel.
126 3199 207 3251 etiam
226 3198 259 3250 ele
277 3198 349 3252 notis
368 3198 427 3250 Ael.
443 3195 511 3250 Stilo
526 3200 582 3249 test.
596 3199 641 3249 21.

132 3411 264 3479 reliquias
287 3411 451 3480 colleqcrimt
474 3411 577 3482 quer,
600 3409 668 3466 Lat.
691 3425 774 3465 serm
787 3412 843 3462 net
858 3405 924 3458 sas
937 3403 991 3454 set
1012 3395 1122 3461 Quina

45 3483 286 3620 ἐθέἔᾴβὲέθεᾳ
320 3483 453 3538 MHerle
472 3485 488 3540 l.
511 3501 534 3540 c
559 3502 589 3554 p.
611 3487 647 3540 27
655 3500 697 3554 sq
733 3481 773 3547 ct
796 3480 928 3540 Prosus
950 3471 1029 3528 Μ
1050 3458 1148 3506 Μ’
