2400 3824
532 199 562 254 L.
583 200 684 254 Accius
1075 200 1117 264 27

168 361 424 429 Nau.p.19i,17
448 361 547 414 neutro
571 322 712 432 [balteum]
732 360 820 414 Varro
843 377 936 415 rerum
960 361 1119 414 divinarum

97 431 148 484 lib.
164 431 214 484 XI:
237 431 358 500 ‘tragica
376 431 489 485 vincula
507 430 603 486 baltea
622 433 707 485 aunt'.
737 432 838 486 Accius
853 432 1047 486 didascalicon
1061 432 1119 503 [-co

95 503 189 573 Iaddq.
208 521 243 556 m.
259 503 288 573 1]
312 501 449 556 lib.VHI:
476 521 518 556 aot.
533 535 567 542 —
584 519 720 558 machaeras.
757 505 791 570 df.
813 505 900 559 Varro
924 505 1057 570 iufra-fr.
1075 508 1118 558 79.

432 629 783 715 8[1X1M.15B.]
861 665 864 669 ,

164 743 183 800 i.
197 742 258 800 IX.
281 761 360 800 nam
381 761 484 817 quam
503 741 605 800 varia
619 744 693 802 sint
712 763 844 820 genera
863 746 1118 818 poematorum,

94 831 224 905 Baebi,
238 850 414 907 quamque
428 832 534 909 longe
549 832 727 890 distincta
742 832 815 891 alia
830 833 871 890 ab
890 833 985 904 aliis,
1003 851 1118 892 nosce.

169 921 250 976 Char.
261 938 292 990 p.
308 926 368 986 141,
383 925 418 974 34
436 923 630 988 poematorum
647 953 688 975 -.
717 922 818 976 Accius
838 938 948 989 quoque
968 921 1119 976 didascali·

96 1009 195 1046 corum
213 992 264 1046 IX:
283 1018 336 1046 nam
351 1025 384 1031 -
398 1017 472 1047 nosce.

169 1079 183 1125 1
204 1072 273 1144 beb3
293 1078 344 1142 qd
363 1074 391 1141 (i.
407 1090 428 1126 e.
448 1072 555 1126 baebua
574 1089 659 1140 quam
678 1076 760 1142 quae)

465 1208 484 1263 e
509 1199 608 1284 [311.
636 1208 674 1263 ia
694 1200 746 1284 a]

163 1313 182 1370 l.
197 1313 257 1370 IX.
284 1313 485 1390 vectigalia
503 1307 526 1388 †
544 1313 711 1389 legerant
730 1317 906 1372 vestra-et
925 1318 1119 1372 servantur

96 1404 250 1538 Statoliildr.
268 1500 297 1551 p.
312 1486 418 1548 220,9
442 1482 540 1535 statim
563 1482 664 1535 Accius
688 1483 718 1534 in
742 1483 934 1537 didascalicon
957 1483 1008 1538 IX:
1037 1499 1118 1548 νοσεῖς.

93 1585 129 1593 -
144 1568 232 1619 unum,
255 1570 306 1622 pro
325 1555 432 1606 statute
456 1556 485 1606 et
503 1553 639 1608 ordinate.
674 1555 803 1608 allocutio
822 1557 853 1608 iu
872 1557 1014 1626 Praaniat.
1028 1557 1064 1622 fr.
1083 1560 1118 1610 13

95 1642 196 1680 rursus
215 1632 338 1693 apparet.

169 1711 183 1757 1
211 1704 341 1758 locantur
376 1706 446 1759 coni.
479 1705 627 1759 Buecheler
663 1707 780 1774 egerant
812 1707 925 1760 Luciam.
1034 1708 1116 1778 seru]

94 1778 242 1830 struantur
261 1776 373 1830 Laelia.

455 1895 496 1949 10
522 1885 558 1968 [a
576 1891 620 1948 aa.
647 1895 687 1948 17
706 1885 758 1969 a]

165 1999 248 2056 alx.
266 1998 625 2077 etmagnificissimei
639 1999 973 2074 excelsissimeique
987 1999 1117 2058 honore

170 2088 258 2142 Prisc.
269 2105 300 2157 p.
315 2092 392 2154 921
415 2088 517 2142 Accius
536 2087 566 2139 in
584 2087 622 2139 IX
643 2087 846 2141 didascalicon:
873 2106 896 2141 a
910 2119 944 2126 -
957 2103 1048 2142 nonore.
1081 2089 1116 2154 cf.

94 2159 445 2242 Paul.Fest.13.151‚7.
483 2159 610 2248 sotadeus
628 2175 681 2213 esse
695 2166 812 2227 poterat.
1083 2232 1088 2242 .

94 2230 975 2369 sensualitatititillatu11·citu
991 2231 1118 2284 Μ’

477 2426 742 2498 catanancen

129 2605 134 2614 ,
170 2552 302 2606 librorum
320 2569 463 2605 numerum
481 2552 649 2622 iquoraiuus,
668 2551 715 2604 sed
733 2551 756 2602 ii
774 2552 923 2619 complures
941 2552 1056 2616 fueraut
1070 2555 1085 2618 (
1096 2553 1117 2618 i.

93 2625 131 2691 fr.
147 2627 211 2690 11),
237 2629 317 2692 atque
336 2623 480 2677 trochaicis
497 2623 660 2690 septenariis
678 2622 793 2689 aliisque
811 2623 927 2687 fortasse
945 2623 1038 2676 metris
1055 2639 1119 2677 cou-

93 2695 201 2762 scripti.
227 2696 359 2765 caedatur
368 2699 458 2748 autent
473 2696 505 2746 iu
514 2695 559 2760 iis,
574 2694 646 2762 quod
656 2711 688 2747 eu
699 2693 827 2760 paruulis
840 2693 970 2758 frustulis
981 2695 1119 2762 percipere

88 2783 253 2837 possumus,
273 2767 305 2819 de
323 2764 467 2835 πράγμασι
485 2766 628 2829 scaenicis,
648 2765 680 2818 de
699 2766 879 2834 arquuientis,
898 2765 930 2817 de
948 2763 1051 2831 ἤθεσιν
1070 2766 1117 2832 (cf.

91 2838 226 2903 Norden,
246 2837 298 2890 Ra.
319 2837 395 2891 Mus.
415 2841 460 2890 48.
481 2840 555 2890 1893
575 2853 604 2904 p.
620 2840 672 2890 531
679 2853 730 2904 sa,
756 2837 805 2903 qui
826 2837 939 2905 siuyuia
962 2837 1119 2905 fracmenta

90 2910 271 2977 illustrauit),
289 2911 331 2962 ita
344 2914 376 2961 ut
390 2909 569 2977 Procuratica
583 2926 601 2960 a
616 2907 804 2961 Didascalicis
817 2924 874 2961 nou
887 2909 968 2962 aliter
982 2909 1119 2979 distinqui

90 2982 246 3037 videantur
268 2997 301 3034 ac
325 2981 459 3033 Varronis
483 2979 548 3033 iibri
566 2979 609 3032 De
632 2980 859 3046 descriptionibus
884 2996 901 3030 a
920 2981 965 3032 De
984 2981 1120 3047 poematis

90 3055 142 3122 (⁰f·
159 3052 196 3118 fr·
213 3056 269 3119 12).

457 3171 497 3224 11
522 3160 621 3244 [111.
646 3160 762 3243 2413]

166 3277 184 3332 i.
208 3275 235 3332 Ι.
676 3275 709 3330 et
733 3275 864 3331 cuncta
888 3272 976 3328 fieri
1000 3274 1119 3330 cetera

86 3363 277 3426 inbecilla
295 3357 317 3439 †
332 3382 400 3421 non
420 3361 512 3436 quod
533 3361 800 3436 ponderitatem
828 3361 1120 3437 gravitatemque

86 3455 254 3514 nominis

141 3533 232 3610 ,Nm
245 3547 277 3595 st.
296 3535 365 3610 1543
386 3535 418 3612 3Ι
428 3531 649 3600 ponderitatem
683 3554 699 3593 a
723 3538 876 3612 pondere,
904 3538 940 3591 ut
967 3530 1162 3605 grauitatem.

66 3604 178 3653 Acazaa
192 3597 376 3662 Pragmatrao
393 3600 445 3657 lib.
461 3604 489 3659 I:
510 3625 536 3664 ee
548 3641 589 3652 -
604 3629 718 3672 nominis.
