2400 3824
434 167 471 221 M.
491 166 637 222 Terentius
656 167 745 221 Varro
1031 167 1096 232 325

538 337 632 394 *311

147 443 270 504 Gressus
293 445 385 504 Dives
413 444 526 520 primus
550 445 675 522 argento
704 463 837 520 auroque
861 443 936 503 folia
960 444 1096 505 imitatus

80 533 159 592 ludis
182 535 245 594 suis
268 551 392 593 coronas
416 532 507 607 dedit,
531 536 776 609 accesseruntque
801 535 832 592 et
853 533 998 608 lemnisci,
1021 553 1097 610 quos

79 622 157 682 adici
175 623 309 700 ipsarum
324 640 501 682 coronarum
519 623 614 681 honor
632 625 704 697 erat,
723 625 846 699 propter
859 623 1011 696 Etruscas,
1031 623 1096 699 qui-

78 712 135 771 bus
163 712 247 790 iungi
275 711 333 772 nisi
363 713 447 771 aurei
475 731 534 771 non
562 711 718 771 debebant.
764 713 834 787 puri
861 711 914 770 diu
940 713 1024 772 fuere
1051 712 1096 787 hi3

78 801 193 862 caelare
217 820 267 862 eos
290 803 407 878 primus
430 801 564 861 instituit
587 801 618 860 P.
639 799 781 860 Claudius
800 801 928 861 Pulcher
949 801 1122 862 bratteas-⁶

52 911 135 976 ¹que
160 892 250 950 etiam
274 891 412 967 philyrae
436 890 527 949 dedit.

149 991 225 1045 Plin.
240 1008 267 1043 n.
282 991 307 1043 h.
322 995 367 1056 21,
383 993 400 1044 6
414 1002 505 1044 Crassus
520 1021 544 1030 -
559 1004 627 1044 dedit.
655 990 690 1056 cf.
708 991 827 1044 Mamer
841 989 907 1044 ibid.
919 993 1022 1058 p.259.
1035 992 1095 1044 315.

149 1103 165 1149 4
184 1097 231 1150 hic
246 1098 337 1152 Paris.
354 1097 417 1152 Lat.
434 1101 506 1152 6797
533 1097 555 1150 ii
570 1099 646 1171 Ricc.
764 1101 780 1150 5
800 1096 842 1168 R]
858 1095 886 1151 O.
903 1098 963 1151 volt
977 1099 1096 1152 Mouzer

74 1173 171 1236 12145
191 1170 255 1223 ado.
272 1175 287 1224 1
360 1168 544 1237 bracteasque
563 1171 613 1238 (oet
632 1168 735 1238 ·ttias-)

536 1320 555 1362 ’¹‘
566 1322 632 1380 312

145 1425 175 1485 (l.
190 1405 340 1487 Antonius
354 1427 442 1487 ludos
456 1446 563 1489 scaena
578 1429 721 1506 argentea
735 1427 815 1503 fecit,
829 1428 902 1486 item
916 1425 949 1485 L.
961 1424 1094 1486 Murena.

148 1527 224 1580 Plio.
239 1543 266 1580 n.
282 1528 307 1580 li.
322 1530 367 1593 33,
382 1530 418 1582 53
437 1524 551 1592 Caesar,
575 1526 624 1594 qui
642 1528 741 1595 postea
760 1526 882 1581 dictator
900 1524 967 1594 fuit,
988 1525 1094 1594 primus

76 1597 106 1650 in
135 1596 282 1651 aedilitate
310 1614 424 1651 munere
451 1597 541 1666 patris
568 1597 680 1652 funebri
708 1597 784 1652 omni
808 1599 947 1667 apparatu
973 1597 1095 1650 harenae

79 1671 211 1736 argenteo
236 1686 301 1722 usus
325 1672 381 1737 est,
406 1668 536 1737 ferasque
560 1669 646 1722 etiam
670 1669 811 1740 argenteis
835 1669 907 1722 vasis
928 1668 1094 1722 incessivere

77 1741 138 1792 tum
156 1740 278 1808 primurn
297 1741 386 1807 noxii,
406 1741 481 1808 quod
501 1741 558 1793 iarn
577 1741 662 1794 etiarn
681 1741 712 1794 in
730 1739 891 1809 municipiis
911 1739 1095 1794 aemulantur.

77 1823 220 1866 0.Ant0n1us
231 1843 254 1852 -
265 1825 289 1866 n.
297 1827 398 1867 Murena.
427 1814 462 1879 cf.
476 1813 536 1867 Vol.
548 1813 630 1867 Mac.
640 1818 668 1879 2,
678 1816 732 1878 sto
746 1828 830 1880 quam
840 1813 930 1866 totam
945 1811 1095 1882 [sacceam]

78 1881 237 2021 alrgenltosd.
254 1883 401 1952 Antonius,
421 1901 488 1939 auro
503 1883 638 1952 Petreius,
653 1881 736 1939 ebore
751 1881 782 1948 Q.
799 1882 914 1938 Catulus
927 1881 1094 1951 praetexuit.

79 1972 114 2008 c.
134 1972 152 2007 c
203 1971 225 2008 r.
242 1958 303 2010 309.

536 2089 632 2147 *313

144 2205 251 2264 habuit
280 2209 310 2264 et
337 2223 444 2264 scaena
471 2205 551 2264 ludis
580 2203 699 2263 Claudii
723 2203 846 2262 Pulchri
876 2222 1017 2280 magnam
1045 2203 1095 2262 ad·

76 2293 268 2352 mirationem
304 2293 453 2370 picturae,
491 2313 558 2353 cum
591 2294 630 2352 sd
661 2293 832 2371 tegularum
867 2292 1095 2352 similitudinem

77 2383 159 2442 corvi
183 2383 300 2460 decepti
322 2384 453 2462 imagine
478 2383 661 2442 advolarent.

149 2483 225 2536 Plio.
240 2501 267 2538 n.
282 2483 307 2536 h.
324 2486 368 2548 35,
382 2486 419 2536 23
437 2496 519 2536 habuit
533 2513 556 2522 -
571 2497 708 2536 advolarent.
728 2482 788 2536 Μ.
804 2485 882 2535 Max.
897 2485 924 2548 2,
939 2486 965 2545 4,
981 2486 998 2534 6
1014 2480 1095 2534 Clau·

77 2553 140 2607 dius
168 2553 288 2607 Pulcher
314 2569 444 2607 scaenam
471 2552 609 2606 varietate
642 2552 766 2608 colorum
797 2551 975 2606 adumbravit
1001 2552 1095 2606 vacuis

77 2626 143 2678 ante
161 2623 273 2693 pictura
291 2624 397 2678 tabulis
417 2625 567 2678 extentam.
595 2625 629 2692 cs.
648 2625 683 2692 fr.
705 2627 765 2679 309.
786 2627 847 2678 310.
867 2625 961 2690 Bctbc,
988 2625 1094 2694 Prolcy.

75 2712 99 2750 a.
117 2697 209 2751 Gcscb.
225 2697 251 2750 d.
269 2697 414 2751 directim
428 2697 525 2751 Alteri.
545 2696 623 2765 (ἶφι.
640 2698 722 2765 1896)
736 2713 766 2764 p.
783 2699 844 2749 307.

150 2808 165 2855 3
184 2801 337 2872 imaginem
361 2803 436 2857 Ricc.
457 2803 544 2857 Vatis.
564 2803 643 2858 Lcid.
723 2801 890 2856 advolarunt
912 2802 995 2857 iidem
1018 2802 1094 2857 codd.

78 2876 187 2928 -assent
204 2877 304 2945 scopia
326 2875 458 2945 Moylroff
473 2876 531 2930 coll.
552 2876 626 2929 Plio.
647 2879 691 2941 35,
707 2878 744 2928 66

537 3026 631 3084 *314

146 3133 265 3191 theatra
293 3132 380 3192 iuxta
408 3132 466 3192 duo
489 3133 561 3192 fecit
592 3126 638 3211 [0.
656 3126 758 3211 Curio]
790 3133 974 3208 amplissima
1003 3133 1095 3211 ligno,

78 3220 235 3280 cardinum
253 3222 440 3300 singulorum
459 3221 594 3282 versatili
613 3221 961 3322 suspensalibramento,
979 3221 1011 3281 in
1031 3225 1094 3298 qui-

75 3311 132 3370 hus
150 3313 285 3387 utrisque
309 3311 544 3371 antemeridiano
563 3311 701 3370 ludorum
725 3312 893 3385 spectaculo
917 3310 996 3370 edito
1016 3312 1095 3371 inter

76 3419 140 3460 sese
173 3401 298 3476 aversis,
335 3420 372 3460 ne
404 3401 532 3461 invicem
565 3400 769 3476 obstreperent
802 3418 938 3473 scaenae,
972 3403 1094 3476 repente

78 3490 277 3565 circumactis,
300 3493 336 3549 ut
354 3493 480 3565 constat,
503 3493 572 3566 post
594 3490 705 3566 primos
724 3488 786 3548 dies
810 3490 901 3548 etiam
925 3489 1120 3549 sedentibuss

77 3579 199 3656 aliquis,
223 3579 361 3640 cornibus
377 3580 410 3640 in
433 3598 466 3641 se
484 3578 663 3642 coeuntibus
678 3577 816 3640 iaciebat
836 3577 1115 3655 arseminae-mum.
