2400 3824
408 180 445 233 M.
465 180 611 234 Terentius
630 180 717 234 Varro

529 350 596 408 415

125 456 298 533 auruginem
316 457 412 514 Varro
438 457 584 532 appellari
608 460 651 516 ait
675 477 693 516 a
716 459 814 516 colore
838 458 912 516 auri.

128 555 196 608 Isid.
212 571 249 608 cr.
266 559 333 621 4,8,
349 559 383 609 13
401 569 532 618 auruginem
551 573 616 610 vero
635 571 707 610 uarro
722 588 748 595 —
763 571 818 610 nuri.
849 557 1074 625 Discipliuarum

62 627 140 678 VIII
156 625 315 696 adaquavit
332 627 439 682 Re‘tschl
456 643 497 694 op.
514 632 539 694 3,
554 632 617 681 368.

528 762 594 818 416

123 866 231 925 baxeas
255 867 452 926 calciamenta
475 868 664 936 feminarum,
689 872 723 926 ut
745 869 841 927 Varro
866 868 947 928 dicit.

128 967 172 1019 De
190 966 254 1020 dub.
273 982 343 1020 uem.
366 965 457 1020 OGK
478 967 505 1019 V
520 970 583 1032 572,
597 971 632 1021 21
651 982 735 1021 baxeas
748 999 775 1006 —
788 981 849 1021 niort,

536 1103 601 1157 417

126 1204 175 1264 διὰ
194 1206 222 1264 τί
239 1213 383 1283 κοσμοῦσι
401 1205 471 1277 τοὺς
485 1205 594 1276 παῖδας
613 1212 674 1277 τοῖς
691 1206 896 1286 περιδεραίοις,
915 1178 1075 1283 &deditur

56 1298 193 1368 καλοῦσι;
214 1328 247 1334 -
267 1291 282 1353 ὃ
299 1291 420 1374 μὲνγὰρ
438 1295 469 1354 οἱ
485 1292 551 1375 περὶ
564 1294 709 1375 Βάρρωνα
724 1293 870 1375 λέγουσιν,
890 1294 926 1354 οὐ
941 1291 1075 1353 πιθανόν

56 1382 126 1456 ἔστι,
159 1392 211 1461 τῆς
241 1385 352 1462 βουλῆς
382 1381 441 1442 ὑπὸ
470 1381 603 1444 Αἰολέων
633 1384 739 1462 βόλλας
769 1381 1075 1463 προσαγορευομένης,

56 1482 143 1532 τοῦτο
164 1472 314 1551 σύμβολον
337 1464 723 1552 εὖβουλίαςοεριτίθεσθαι
747 1473 815 1546 τοὺς
839 1473 956 1545 παῖδας.

129 1572 207 1626 Plut.
227 1579 328 1641 91411681.
349 1573 383 1627 R.
400 1576 452 1625 101
471 1578 511 1623 διὰ
525 1582 548 1622 τί
561 1604 587 1611 -
602 1578 694 1630 παῖδας.
729 1575 763 1640 cf.
783 1574 821 1627 id.
842 1573 920 1626 Rom.
935 1577 980 1627 20.

129 1685 144 1730 3
165 1679 281 1750 βούλλης
300 1680 358 1733 edd.

532 1796 597 1852 418

125 1901 237 1959 caelum
258 1901 378 1976 quidem
401 1901 476 1959 haut
497 1900 585 1959 dubie
609 1901 718 1959 caelati
742 1904 917 1978 argumento
937 1901 1076 1976 diximus,

57 1994 93 2048 ut
115 1992 332 2064 interpretatur
354 1990 394 2048 M.
413 1989 519 2048 Varro,

130 2089 204 2142 Plin.
224 2106 251 2141 u.
267 2090 292 2142 h.
311 2093 371 2155 2,8
395 2105 482 2142 caelum
495 2121 522 2128 -
536 2104 614 2143 Varro.
642 2091 676 2155 Cf.
695 2105 781 2157 Supra
801 2092 837 2156 fr.
852 2094 894 2143 91.
929 2090 987 2143 Ael.
1008 2089 1076 2144 Stilo

55 2164 91 2227 fr.
111 2164 134 2212 7.
159 2160 245 2214 Sclwl.
260 2161 292 2213 iu
306 2161 414 2215 Lucan.
429 2165 456 2227 9,
466 2164 530 2214 578.
555 2161 623 2215 Isa'd.
634 2177 672 2214 cr.
688 2165 714 2226 3,
724 2165 768 2228 31,
779 2167 802 2215 1.
827 2161 948 2230 Gruppc,
963 2161 1077 2214 Herma

58 2237 101 2297 11,
115 2235 179 2285 238.
208 2232 431 2299 Discu'plr'aarum
455 2232 500 2285 VI
513 2233 612 2286 tribuit
631 2232 737 2286 Rideat
754 2249 797 2301 op.
812 2236 837 2298 3,
852 2237 914 2286 396,

532 2386 596 2440 419

126 2494 246 2548 auctore
269 2490 308 2547 M.
323 2489 459 2548 Varrone
482 2491 507 2548 is
532 2489 649 2548 demum
674 2490 768 2548 latine
788 2509 877 2566 caper
895 2489 1006 2547 dicitur
1025 2487 1077 2563 qui

59 2581 245 2637 excastratus
269 2582 321 2637 est.

132 2676 199 2730 Gen.
215 2682 240 2743 9,
256 2681 314 2742 9,8
338 2694 393 2744 quo
412 2677 488 2730 enim
507 2679 591 2746 pacto
611 2677 718 2731 diceret
737 2677 901 2800 [Vcryr'h'usJ
928 2676 969 2730 ‘rt
989 2675 1076 2729 καλὸν

59 2746 250 2816 πεφιλημένε’,
269 2748 355 2801 verba
368 2748 462 2802 hercle
476 2764 531 2800 non
546 2749 724 2802 translaticia
739 2750 788 2802 sed
803 2749 881 2801 cuius
903 2764 949 2801 am
963 2745 1077 2800 nativae

58 2818 233 2872 dulcedinis?
257 2819 310 2874 hcc
329 2819 417 2889 igitur
435 2818 551 2888 reliquit
570 2823 598 2874 et
617 2823 711 2873 cetera
728 2821 815 2874 vertit
833 2837 888 2873 non
907 2818 1078 2872 infestiviten
1168 2870 1175 2889 ‚

58 2891 183 2961 [Theocr.
200 2894 225 2956 3,
240 2894 299 2959 3811.
339 2893 414 2961 Very.
431 2893 488 2945 buc.
504 2896 529 2958 9,
543 2892 649 2962 23sq.],
676 2891 732 2944 nisi
758 2891 831 2960 quod
861 2907 976 2959 caprum
1004 2888 1078 2942 dixit

57 2977 142 3030 quem
152 2961 317 3015 Theocritus
332 2960 452 3033 ἐνόρχαο
467 2961 630 3031 appellavit.
659 2981 750 3017 auctore
764 2963 839 3016 enim
848 2977 878 3016 ru.
888 2977 990 3016 varrone
999 2993 1026 3000 -
1035 2978 1076 3015 eet.

56 3034 92 3098 cs.
115 3034 202 3087 Varro
226 3035 258 3087 dc
281 3035 297 3087 I.
318 3033 351 3086 L.
377 3039 403 3100 5,
417 3038 461 3087 97.
491 3053 513 3087 r.
533 3052 555 3088 r.
575 3039 602 3099 2,
617 3039 643 3100 3,
659 3039 683 3088 7.
720 3036 803 3088 Paul.
827 3035 900 3088 Fest.
920 3051 950 3102 p.
970 3036 1077 3099 48,14.

55 3106 126 3159 Ise'cl.
159 3121 198 3158 or.
224 3109 374 3171 12,1‚15.
425 3105 509 3160 OGL
539 3107 709 3171 V275,17.
740 3107 784 3159 VI
803 3110 864 3160 176.
891 3106 960 3160 libro
986 3107 1010 3159 V
1033 3106 1077 3159 Dc

56 3193 135 3230 serm.
156 3177 220 3230 Lat.
239 3177 338 3231 tribuit
358 3177 522 3230 Witmauus.
587 3211 591 3219 ·

539 3312 603 3368 420

126 3434 257 3475 carceres
282 3418 369 3492 quasi
392 3435 506 3476 arceres
531 3416 691 3476 secundum
714 3416 888 3475 Varronem.

131 3515 283 3569 Serenae.
295 3519 384 3581 5,145
404 3531 498 3569 carcer
518 3518 560 3568 est
579 3531 694 3568 numero
708 3518 820 3568 tantum
835 3513 973 3584 singulari
986 3517 1090 3590 suste·-

56 3586 106 3640 dia
123 3585 282 3652 noxiorum,-
309 3602 434 3641 carceres
453 3604 517 3642 vero
537 3588 653 3642 tantum
670 3585 782 3658 niniati
799 3587 890 3653 untia,
905 3584 1014 3652 ddisse
1031 3595 1106 3643 annu
