2400 3824
309 209 448 262 Antonius
468 210 621 278 Panurgus.
668 209 695 264 C.
714 209 832 280 Valgius
852 210 941 264 Rufus
1066 211 1132 275 483

189 374 215 422 2.
236 369 305 423 Hor.
325 387 407 424 carin.
426 374 453 436 2,
469 375 494 437 0,
510 375 527 424 5
546 369 635 424 amice
654 369 739 439 Valgi
758 371 893 440 Porplpr.
913 370 979 424 ibid.
998 371 1133 441 Valgium

117 441 293 493 consularem
312 441 433 494 amicum
452 459 533 494 suum
553 440 660 494 solatur
677 444 766 494 morte
787 441 902 495 delicati
916 442 996 510 pueri
1011 443 1133 512 graviter

117 511 269 565 adfectum.
320 514 355 578 ef.
382 515 517 568 Ps-Acro
545 513 611 566 ibid.
636 518 660 566 1.
712 513 827 584 Valgius
855 513 1003 567 Messallae
1030 531 1132 583 qnoque

119 584 231 638 Corvini
249 584 400 649 familiaris
417 585 481 650 fnit.
501 585 534 638 ele
552 585 610 638 eins
629 590 715 638 aelate
734 585 768 650 ef.
784 586 866 638 etiarn
884 591 940 639 tesi.
961 590 986 639 3.
1006 591 1030 639 4.
1051 590 1075 639 5.

190 677 214 726 3.
241 672 333 742 Quini.
349 678 374 739 3,
389 677 415 739 5,
430 677 466 726 17
490 672 712 741 Appollodorus,
740 675 773 726 ut
795 673 1028 742 interpretatione
1047 673 1131 744 Valgi

118 742 251 811 discipuli
270 744 329 796 eius
348 747 413 797 utar
431 745 465 810 cf.
485 752 541 799 test.
561 749 586 798 8.

189 837 213 885 4.
240 835 354 902 Volpins
371 835 465 888 11111111
488 834 544 899 fnit
562 834 704 903 11742112
722 851 783 888 cnm
803 835 831 889 0.
848 833 972 902 Sulpicio
993 833 1131 903 Quirinio,

117 905 179 970 snff.
199 905 230 957 in
252 905 268 958 l.
285 907 327 958 M.
348 905 453 958 Valerii
472 906 617 959 Messallae
635 906 763 960 Barbati.
807 906 842 971 ef.
862 910 952 960 iest2
974 913 1000 960 el
1018 905 1130 975 Prosop.

116 977 181 1042 inrp.
202 975 280 1029 Rern.
300 981 326 1042 3,
341 976 474 1047 382J169.

190 1068 214 1117 5.
234 1065 309 1118 Plin.
335 1084 362 1119 n.
381 1066 407 1118 11.
430 1069 508 1131 25,4
540 1063 626 1118 Gaius
652 1065 770 1136 Valgius
801 1065 958 1118 eruditione
987 1068 1131 1134 spectatus

117 1135 220 1206 Poneq.
237 1137 274 1190 orl
288 1136 370 1190 Mess.
387 1140 440 1190 179
459 1136 570 1204 (Tibnll
586 1138 648 1205 4,1)
669 1138 711 1190 est
729 1136 783 1190 tibi
798 1137 847 1204 qui
865 1137 956 1205 possit
974 1137 1084 1207 magnis
1102 1155 1131 1191 se

117 1207 261 1274 accingere
280 1207 363 1260 rebus
384 1207 544 1279 JValgius,
571 1210 684 1261 aeterno
703 1208 818 1276 propior
836 1225 892 1262 non
912 1208 983 1261 alter
1002 1209 1130 1263 Homero.

116 1278 150 1342 ef.
175 1280 245 1333 Hor.
272 1297 353 1333 corin.
377 1282 404 1345 2,
419 1283 446 1345 9,
461 1283 504 1333 18.
555 1281 592 1333 iel.
619 1287 669 1334 sat.
690 1285 715 1345 1,
730 1285 774 1346 10,
787 1285 823 1334 81
856 1280 1008 1403 genenerat
1036 1287 1131 1349 poetas

115 1351 273 1404 recentiores
291 1353 405 1419 optimos
423 1357 503 1418 atqne
520 1352 675 1405 carniinnrn
697 1351 811 1422 indices]
840 1350 948 1404 Potius
972 1353 1001 1404 et
1018 1351 1130 1416 Varius,

116 1420 264 1474 Maecenas
293 1420 489 1491 Vergiliusque
518 1422 531 1491 J
560 1421 679 1491 Valgius
707 1425 736 1476 et
767 1423 867 1491 probet
898 1421 970 1476 haec
998 1421 1130 1477 Octavius

116 1492 240 1560 optimus
259 1495 344 1561 atque
366 1493 380 1563 J
403 1492 517 1546 Fuscus.

116 1615 347 1670 SCRIPTORUM

187 1710 211 1759 6.
232 1707 368 1760 Ps·Acro
391 1723 472 1760 carni.
495 1709 523 1772 2,
538 1710 596 1771 9,9
630 1705 786 1759 ‘flebilibus
814 1707 921 1760 modis'
951 1708 1019 1775 quia
1046 1712 1130 1776 poeta

116 1778 176 1828 erat
201 1776 319 1845 Valgius
348 1779 376 1829 et
408 1777 607 1849 m<a>erorem
640 1795 720 1830 suum
750 1777 886 1831 luctuosis
919 1778 1129 1833 carminibus

115 1847 267 1901 solabatur.
301 1849 370 1902 Hor.
386 1865 468 1902 corni.
483 1853 510 1914 2,
521 1853 574 1914 9,9
592 1850 624 1900 tu
639 1866 748 1917 semper
761 1866 844 1918 urges
858 1848 1000 1903 flebilibus
1014 1851 1105 1904 modis
1118 1852 1132 1923 J

115 1919 227 1986 Mysten
246 1921 410 1987 ademptum
424 1951 457 1958 -
474 1925 508 1974 17
522 1919 619 1972 desine
637 1919 764 1973 mollium
781 1921 794 1992 J
810 1921 926 1974 tandem
945 1921 1128 1989 querelarum.

114 1990 187 2044 Sero.
207 1991 284 2044 Dan.
304 1993 361 2045 bno.
383 1995 407 2057 7,
421 1994 459 2045 22
487 1989 592 2045 Codrus
611 1993 695 2059 poeta
715 1991 839 2045 eiusdem
858 1992 993 2060 temporis
1012 1992 1076 2059 fuit,
1097 1995 1130 2048 ut

114 2060 232 2131 Valgius
257 2062 286 2114 in
313 2062 436 2130 elegiis
463 2061 521 2115 suis
544 2062 637 2116 refert.
682 2064 716 2129 ef.
741 2063 827 2117 Soliol.
849 2064 943 2118 Veron.
968 2065 1034 2118 ibid.
1054 2064 1126 2120 Sero.

114 2135 183 2186 Aen.
205 2139 246 2199 11,
261 2137 323 2187 457.
360 2137 515 2204 J'ropnienia
533 2141 598 2188 snnt
616 2152 661 2202 op.
681 2135 830 2201 Baehrens,
849 2135 941 2190 FPR
956 2152 984 2203 p.
1000 2139 1062 2190 342.

187 2226 211 2275 7.
232 2222 312 2276 Olor.
327 2240 358 2292 p.
373 2227 435 2288 108,
450 2227 467 2276 7
485 2222 604 2293 Valgius
623 2223 653 2275 in
676 2223 923 2293 epigrammate
948 2242 987 2278 nn
1006 2224 1128 2278 bucolico

114 2295 196 2348 etiarn
214 2294 342 2362 scripsit?
361 2295 406 2363 (ef.
424 2295 513 2364 Unper
531 2295 597 2347 ibid.
613 2312 643 2363 p.
658 2297 768 2363 283qu

184 2388 210 2436 8.
233 2383 325 2452 Quint.
341 2387 366 2449 3,
382 2389 406 2449 1,
422 2388 456 2437 18
479 2383 529 2436 sed
547 2383 751 2451 Apollodori
775 2387 964 2452 praecepta
982 2385 1073 2454 magis
1093 2403 1126 2438 er

114 2453 261 2522 discipulis
285 2470 450 2524 cognoscas,
474 2471 592 2522 quorum
610 2454 844 2523 diligentissimus
867 2454 898 2507 in
916 2455 1053 2508 tradendo
1072 2455 1128 2509 fuit

113 2524 201 2577 latine
226 2523 254 2578 O.
273 2524 405 2595 Valgius,
435 2541 534 2594 graece
557 2525 677 2578 Atticus.
721 2527 755 2592 cf.
781 2527 848 2580 ibid.
868 2531 894 2592 3,
909 2531 933 2592 5,
950 2531 985 2580 17
1009 2530 1073 2595 (lest.
1090 2530 1125 2596 3).

114 2600 238 2662 5,10,4.
275 2598 368 2650 Dioni.
383 2614 413 2665 p.
429 2601 493 2662 387,
509 2601 526 2649 6
544 2596 588 2665 (7).

185 2689 210 2738 9.
230 2685 305 2739 Plin.
320 2703 348 2738 n.
362 2687 387 2738 11.
406 2689 484 2750 25,4
509 2686 574 2753 post
597 2702 660 2737 eum
687 2684 839 2757 [Catonern]
865 2703 937 2738 unus
963 2687 1125 2740 inlustrium

112 2756 264 2824 temptavit
286 2756 372 2809 Gaius
398 2755 516 2826 Valgius
536 2787 569 2796 —
589 2755 744 2824 inperfecto
767 2757 908 2810 volumine
937 2758 986 2828 [de
1003 2759 1124 2831 barbis]

113 2829 149 2880 ad
169 2828 265 2880 divum
283 2829 450 2896 Augustum,
468 2827 601 2881 inchoata
620 2828 706 2880 etiam
729 2827 904 2896 praefatione
923 2828 1068 2899 religiosa,
1092 2833 1126 2883 ut

112 2899 242 2953 omnibus
270 2898 351 2951 malis
380 2899 509 2952 humanis
538 2898 615 2952 illius
640 2899 820 2967 potissimum
847 2899 984 2969 principis
1015 2919 1125 2970 semper

112 2971 272 3024 mederetur
294 2969 435 3023 maiestas.
470 2970 584 3040 Vulpins
606 2971 699 3024 Plinii
721 2973 803 3025 eliani
826 2978 922 3026 annor
939 2973 995 3039 fnit
1013 2973 1044 3026 in
1062 2974 1123 3028 libr.

113 3042 339 3095 XX-XXVII
353 3043 395 3110 (ele
412 3043 500 3096 herbis
518 3049 543 3096 ei
561 3043 714 3111 medicina).

452 3256 489 3321 Β.
511 3256 785 3323 FRAGMENTA

267 3415 315 3469 nn
333 3415 451 3469 ausus
469 3415 542 3468 Pan
559 3415 765 3469 seraranan
785 3415 978 3480 Qunusmis
996 3469 998 3471 ,

179 3542 213 3605 efi
239 3543 324 3595 Varro
344 3542 410 3597 Tiro
430 3541 552 3599 Sinnius
575 3561 682 3614 surpra,
712 3544 865 3614 Epicuriis
888 3555 942 3604 op.
958 3534 1056 3593 Dioli-
1072 3523 1185 3575 Loacu-

96 3615 139 3674 10,
154 3615 195 3662 35
209 3614 343 3680 multique
359 3615 417 3670 alii

916 3689 980 3732 aa*
