2400 3824
114 157 203 212 XXIV
524 157 724 225 Prolegomena

115 327 193 402 quod
226 328 284 402 ipsi
317 325 403 384 Gallo
436 327 515 384 inter
551 325 727 401 gravissima
765 326 888 383 crimina
922 325 959 383 ab
993 323 1128 400 Augusto

115 416 250 475 obicitur.
314 419 383 491 post
424 414 528 473 deinde
570 415 790 473 damnationem
827 418 1011 489 mortemque
1050 410 1130 471 Galli

115 499 155 583 [a.
172 498 291 584 rassae
307 506 352 563 ael
370 497 501 582 727s27]
517 503 648 562 scholam
663 506 789 578 aperuit,
809 503 916 562 sedita
932 507 967 561 ut
980 503 1086 577 paucis
1101 503 1131 558 et

114 598 233 652 tanturn
246 593 483 652 adulescentibus
496 595 688 668 praeciperet,
701 596 888 668 praetextato
900 593 1021 664 nemini,
1033 590 1093 648 nisi
1105 589 1130 648 si

75 701 100 739 ιο
115 685 197 741 ouius
212 685 330 759 parenti
343 684 399 740 hoc
414 682 545 741 officium
559 701 667 759 negare
682 701 739 739 non
755 683 863 756 posset.
889 683 1003 756 primus
1018 679 1130 738 dicitur

114 772 207 831 latine
231 792 265 831 ex
288 775 421 848 tempore
441 771 607 846 disputasse
626 773 797 845 primusque
815 770 986 847 Vergilium
1005 774 1035 828 et
1054 769 1130 826 alios

113 864 217 936 poetas
254 879 345 919 novos
382 861 552 937 praelegere
590 861 734 934 coepisse,
772 860 851 934 quod
889 859 979 918 etiam
1014 857 1130 916 Domiti

113 951 204 1007 Marsi
228 950 389 1008 versiculus
408 949 522 1008 indicat
541 943 649 1026 [FPR
667 943 765 1026 2B.]:
796 944 932 1023 ‘Epirota
951 948 1129 1007 tenellorum

114 1039 263 1097 nutricula
290 1034 413 1096 vatum'
464 1039 646 1104 familiaritas
674 1055 735 1092 cara
765 1037 846 1092 Gallo
875 1040 951 1105 (nato
979 1055 1005 1091 a.
1029 1036 1130 1106 685J69

113 1121 154 1174 acl
173 1119 293 1188 684J7c)
312 1126 343 1172 at
358 1126 485 1187 patemus
507 1119 576 1184 facit
600 1118 748 1172 caeciliam
770 1119 854 1170 baias
877 1119 1016 1187 aequalem
1035 1119 1129 1184 faisse,

114 1191 228 1256 fortasse
246 1191 390 1258 aliquanto
408 1191 545 1255 maiorem,
564 1192 589 1243 sl
607 1189 714 1257 quidem
732 1190 821 1254 filiam
835 1190 922 1242 Attici
936 1191 1064 1243 institnit.
1098 1188 1130 1240 dc

113 1264 171 1315 cias
186 1279 267 1330 opera
282 1264 313 1314 a'a
327 1262 449 1316 docendo
459 1263 493 1327 cf.
506 1261 692 1325 Graefealraa,
709 1261 800 1314 Gesob.
814 1261 840 1314 d.
854 1263 931 1314 class.
943 1261 1016 1314 Phil.
1028 1264 1056 1326 2,
1067 1262 1128 1312 333.

115 1333 240 1397 Ribbeck,
254 1333 357 1402 proleg.
377 1333 414 1385 ad
433 1332 509 1402 Verp.
525 1349 555 1400 p.
572 1336 624 1386 114
644 1334 700 1400 (cai
717 1333 776 1385 aare
793 1333 853 1385 alla
867 1348 952 1385 caasa
967 1333 1131 1385 adversator

115 1404 206 1472 Serapa,
225 1404 257 1458 cle
274 1405 373 1458 Probis
390 1421 503 1473 proram.
514 1420 544 1472 p.
560 1408 576 1456 5
596 1404 709 1497 adath.

186 1507 200 1553 2
220 1501 309 1554 Attici
328 1501 494 1555 Beroaldus:
516 1499 589 1553 Satti
608 1499 692 1568 (Satti
711 1501 800 1568 Leia.)
819 1502 860 1555 cel
879 1497 954 1553 Saoti
1042 1499 1079 1552 ad
1094 1531 1128 1538 -

115 1571 252 1640 epistulae
275 1572 333 1626 secl.
354 1572 560 1638 Reifferscheid,
583 1573 629 1626 sed
648 1573 681 1636 of.
702 1572 823 1637 eoadem,
843 1571 895 1624 Ra
917 1573 992 1625 Mas,
1009 1574 1053 1636 15,
1074 1575 1130 1624 610

114 1644 195 1709 (Soet.
220 1645 324 1712 Tac)
407 1643 562 1696 lobicitur
581 1643 695 1697 Vincat.
716 1642 797 1696 obiio.
812 1643 868 1696 rell.
884 1660 924 1712 op.
1009 1647 1041 1694 11
1062 1641 1128 1694 Vir-

114 1714 213 1783 gilium
232 1715 307 1768 codd.
325 1721 435 1782 praeter
458 1715 571 1768 Vindob.
593 1714 716 1768 Gadiaa.
809 1719 841 1767 13
861 1716 889 1767 et
909 1713 1018 1781 epirote
1037 1715 1130 1782 (epyr-

114 1786 210 1854 epirr-)
228 1787 304 1840 codd.
324 1789 353 1840 et
372 1787 422 1840 aa.
442 1786 589 1840 Pontaaac

184 1883 231 1941 50.
255 1882 332 1941 Saet.
356 1884 535 1956 capraram.
557 1887 599 1940 17
626 1883 664 1939 M.
684 1882 829 1940 Verrius
857 1881 1008 1940 Flaccus
1039 1880 1129 1939 liber·

113 1971 193 2029 tinus
218 1971 341 2030 docendi
364 1991 470 2048 genere
493 1971 620 2029 maxime
644 1971 793 2029 inclaruit.
834 1990 963 2045 namque
987 1971 1025 2028 ad
1049 1990 1129 2028 exer-

114 2060 234 2118 citanda
262 2060 439 2118 discentium
466 2059 587 2135 ingenia
615 2061 753 2134 aequales
782 2061 860 2118 inter
889 2078 918 2118 se
942 2062 1130 2118 committere

114 2148 237 2223 solebat,
260 2148 414 2224 proposita
437 2167 495 2206 non
519 2149 614 2206 solum
637 2148 764 2207 materia
783 2168 872 2223 quam
892 2148 1055 2207 scriberent
1078 2149 1129 2207 sed

88 2242 144 2296 eet
167 2239 298 2312 praemio
324 2238 402 2312 quod
424 2238 520 2296 victor
539 2239 676 2295 auferret.
695 2237 725 2295 id
745 2242 809 2296 erat
827 2237 902 2296 liber
921 2238 1030 2312 aliquis
1050 2239 1129 2296 anti-

115 2345 200 2405 quus,
222 2327 346 2402 pulcher
369 2329 421 2384 aut
443 2327 547 2384 rarior.
594 2346 684 2402 quare
708 2326 744 2384 ab
768 2327 906 2404 Augusto
935 2345 1054 2401 quoque
1078 2346 1128 2384 ne-

113 2415 233 2490 potibus
262 2417 324 2474 eius
355 2418 531 2490 praeceptor
554 2415 664 2473 electus
687 2415 808 2474 transiit
830 2417 862 2473 in
885 2414 1038 2474 Palatium
1061 2433 1131 2473 cum

112 2507 178 2563 tota
202 2504 311 2579 schola,
334 2524 436 2563 verum
459 2506 495 2561 ut
518 2523 554 2562 ne
578 2523 667 2578 quem
691 2505 818 2578 amplius
845 2505 969 2578 posthac
997 2504 1129 2580 discipu·

112 2594 176 2652 lum
203 2594 359 2669 reciperet,
388 2592 548 2668 docuitque
571 2595 603 2651 in
627 2593 704 2651 atrio
729 2593 886 2652 Catulinae
909 2592 1027 2667 domus,
1052 2613 1130 2668 quae

74 2702 99 2740 ro
112 2702 182 2758 pars
205 2682 318 2741 Palatii
339 2686 411 2741 tuno
435 2685 506 2757 erat,
531 2688 560 2741 et
583 2685 706 2741 centena
730 2684 867 2740 sestertia
890 2682 921 2738 in
945 2700 1058 2740 annum
1081 2701 1129 2740 ao-

114 2773 199 2845 cepit.
239 2771 308 2826 Gaii
321 2779 346 2826 et
355 2772 446 2838 nair,
461 2773 584 2841 Aapasti
596 2779 732 2840 nepetam,
746 2773 818 2826 uitae
835 2772 902 2837 fiaes
916 2777 981 2825 sicit
991 2771 1129 2843 734s20—

115 2852 205 2920 757s4
223 2859 248 2906 et
267 2852 518 2922 737J17—755s2.
556 2853 588 2906 de
612 2853 705 2906 Verrio
723 2853 767 2906 od.
782 2869 812 2920 p.
833 2856 930 2920 509eq.

186 2945 199 2991 1
220 2939 258 2992 M.
275 2940 388 2994 Vindob.
404 2957 438 2993 ra.
453 2946 468 2994 1
487 2946 518 2992 at
536 2942 599 3006 oia,
619 2957 668 2994 ora.
683 2941 740 2995 rell.
814 2946 829 2991 2
848 2939 997 2993 excitanda
1011 2940 1130 3008 Reiffer-

114 3011 205 3065 scheid
277 3015 293 3063 8
312 3027 347 3064 ne
366 3027 449 3078 quem
469 3011 582 3066 Viadob.
601 3012 686 3066 Ottob.
704 3027 794 3079 neque
814 3014 890 3079 (neq;
912 3012 1010 3080 Vatia.)
1029 3014 1086 3067 rell.

182 3117 232 3174 51.
255 3115 331 3176 Soet.
351 3118 386 3176 de
406 3134 529 3191 prauam.
552 3119 594 3174 18
614 3117 647 3175 L.
667 3115 869 3176 Crassicius
890 3149 930 3156 —
950 3118 982 3174 in
1000 3119 1130 3196 pergula

114 3205 216 3265 docuit
235 3238 286 3264 —.
317 3206 368 3264 sed
391 3224 458 3264 oum
481 3205 599 3264 doceret
621 3208 682 3264 iam
701 3207 810 3264 multos
830 3224 865 3264 ac
883 3205 1006 3282 nobiles,
1029 3207 1063 3264 in
1080 3207 1129 3266 his

114 3293 214 3352 Iulum
232 3294 398 3353 Antonium
420 3294 571 3352 triumviri
595 3294 689 3352 filium
709 3289 825 3373 [batam
844 3297 921 3354 circa
940 3314 967 3353 a.
985 3289 1130 3374 710s44]‚

114 3385 148 3441 ut
169 3383 275 3442 Verrio
304 3403 424 3460 quoque
451 3383 557 3442 Flacco
588 3387 823 3458 compararetur,
854 3383 977 3442 dimissa
1005 3387 1129 3459 repente

73 3472 206 3607 pvsclrza
232 3472 355 3532 transiit
376 3473 416 3532 ad
439 3471 470 3544 Q
492 3471 575 3534 Sexti
600 3473 772 3550 philosophi
794 3474 915 3532 sectam.
963 3474 1022 3527 alia
1047 3475 1080 3528 de
1098 3491 1129 3528 co

102 3566 152 3598 ,ο
195 3565 235 3618 sq.
