<?xml version="1.0" encoding="UTF-8"?>
<!DOCTYPE html PUBLIC "-//W3C//DTD XHTML 1.0 Transitional//EN"
    "http://www.w3.org/TR/xhtml1/DTD/xhtml1-transitional.dtd">
<html xmlns="http://www.w3.org/1999/xhtml" xml:lang="en" lang="en">
 <head>
  <title>
</title>
<meta http-equiv="Content-Type" content="text/html;charset=utf-8" />
  <meta name='ocr-system' content='tesseract 3.04.00' />
  <meta name='ocr-capabilities' content='ocr_page ocr_carea ocr_par ocr_line ocrx_word'/>
</head>
<body>
  <div class='ocr_page' id='page_1' title='image "./grammaticaeroma02funagoog_0566.png"; bbox 0 0 2400 3824; ppageno 0'>
   <div class='ocr_carea' id='block_1_1' title="bbox 440 201 1091 272">
    <p class='ocr_par' dir='ltr' id='par_1_1' title="bbox 440 201 1091 272">
     <span class='ocr_line' id='line_1_1' title="bbox 440 201 1091 272; baseline -0.006 -16"><span class='ocrx_word' id='word_1_1' title='bbox 440 202 468 256; x_wconf 84' lang='lat' dir='ltr'><strong>C.</strong></span> <span class='ocrx_word' id='word_1_2' title='bbox 486 202 573 255; x_wconf 89' lang='lat' dir='ltr'><strong>lulius</strong></span> <span class='ocrx_word' id='word_1_3' title='bbox 592 201 721 272; x_wconf 80' lang='lat' dir='ltr'><strong>Hyginus</strong></span> <span class='ocrx_word' id='word_1_4' title='bbox 1025 201 1091 264; x_wconf 81' lang='lat'><strong>533</strong></span> 
     </span>
    </p>
   </div>
   <div class='ocr_carea' id='block_1_2' title="bbox 75 363 1095 574">
    <p class='ocr_par' dir='ltr' id='par_1_2' title="bbox 75 363 1095 574">
     <span class='ocr_line' id='line_1_2' title="bbox 75 363 1095 432; baseline 0.002 -16"><span class='ocrx_word' id='word_1_5' title='bbox 75 363 188 417; x_wconf 78' lang='lat' dir='ltr'><strong>Jaeroo.</strong></span> <span class='ocrx_word' id='word_1_6' title='bbox 208 364 339 432; x_wconf 68' lang='grc'><em>1111118.</em></span> <span class='ocrx_word' id='word_1_7' title='bbox 360 366 434 416; x_wconf 78' lang='grc'><em>1876</em></span> <span class='ocrx_word' id='word_1_8' title='bbox 449 380 477 430; x_wconf 86' lang='lat' dir='ltr'><strong>p.</strong></span> <span class='ocrx_word' id='word_1_9' title='bbox 493 365 559 430; x_wconf 79' lang='grc'><strong>482)</strong></span> <span class='ocrx_word' id='word_1_10' title='bbox 577 363 643 416; x_wconf 84' lang='lat' dir='ltr'><strong>haec</strong></span> <span class='ocrx_word' id='word_1_11' title='bbox 658 363 845 430; x_wconf 79' lang='lat' dir='ltr'><strong>superioribus</strong></span> <span class='ocrx_word' id='word_1_12' title='bbox 858 363 963 417; x_wconf 68' lang='lat' dir='ltr'><strong>similia</strong></span> <span class='ocrx_word' id='word_1_13' title='bbox 980 363 1095 429; x_wconf 68' lang='lat' dir='ltr'><strong>fidenter</strong></span> 
     </span>
     <span class='ocr_line' id='line_1_3' title="bbox 76 433 1094 505; baseline -0.001 -18"><span class='ocrx_word' id='word_1_14' title='bbox 76 435 154 488; x_wconf 66' lang='lat' dir='ltr'><strong>labris</strong></span> <span class='ocrx_word' id='word_1_15' title='bbox 174 434 216 486; x_wconf 88' lang='lat' dir='ltr'><strong>De</strong></span> <span class='ocrx_word' id='word_1_16' title='bbox 237 435 354 505; x_wconf 70' lang='lat' dir='ltr'><strong>Vergilio</strong></span> <span class='ocrx_word' id='word_1_17' title='bbox 373 435 523 503; x_wconf 70' lang='lat' dir='ltr'><strong>adsignari</strong></span> <span class='ocrx_word' id='word_1_18' title='bbox 546 436 589 501; x_wconf 80' lang='lat' dir='ltr'><strong>(cf.</strong></span> <span class='ocrx_word' id='word_1_19' title='bbox 614 435 708 487; x_wconf 78' lang='lat' dir='ltr'><strong>Beate</strong></span> <span class='ocrx_word' id='word_1_20' title='bbox 726 451 755 503; x_wconf 84' lang='lat' dir='ltr'><strong>p.</strong></span> <span class='ocrx_word' id='word_1_21' title='bbox 775 436 821 486; x_wconf 80' lang='grc'><strong>28.</strong></span> <span class='ocrx_word' id='word_1_22' title='bbox 857 433 975 488; x_wconf 70' lang='lat' dir='ltr'><strong>Ribbeck</strong></span> <span class='ocrx_word' id='word_1_23' title='bbox 994 451 1024 502; x_wconf 77' lang='lat' dir='ltr'><strong>p.</strong></span> <span class='ocrx_word' id='word_1_24' title='bbox 1041 439 1094 487; x_wconf 74' lang='grc'><strong>118</strong></span> 
     </span>
     <span class='ocr_line' id='line_1_4' title="bbox 76 505 581 574; baseline -0.002 -15"><span class='ocrx_word' id='word_1_25' title='bbox 76 505 251 574; x_wconf 72' lang='lat' dir='ltr'><strong>serviamque</strong></span> <span class='ocrx_word' id='word_1_26' title='bbox 269 511 406 559; x_wconf 81' lang='lat' dir='ltr'><strong>auctorem</strong></span> <span class='ocrx_word' id='word_1_27' title='bbox 427 507 459 557; x_wconf 80' lang='lat' dir='ltr'><strong>in</strong></span> <span class='ocrx_word' id='word_1_28' title='bbox 476 507 512 572; x_wconf 72' lang='lat' dir='ltr'><strong>fr.</strong></span> <span class='ocrx_word' id='word_1_29' title='bbox 528 507 581 572; x_wconf 87' lang='lat'><strong><em>11).</em></strong></span> 
     </span>
    </p>
   </div>
   <div class='ocr_carea' id='block_1_3' title="bbox 77 592 1096 734">
    <p class='ocr_par' dir='ltr' id='par_1_3' title="bbox 77 592 1096 734">
     <span class='ocr_line' id='line_1_5' title="bbox 150 592 1096 663; baseline 0.002 -17"><span class='ocrx_word' id='word_1_30' title='bbox 150 601 163 646; x_wconf 94' lang='lat'>1</span> <span class='ocrx_word' id='word_1_31' title='bbox 184 594 274 647; x_wconf 88' lang='lat' dir='ltr'><strong>circae</strong></span> <span class='ocrx_word' id='word_1_32' title='bbox 294 595 383 649; x_wconf 85' lang='lat' dir='ltr'><strong>Carol.</strong></span> <span class='ocrx_word' id='word_1_33' title='bbox 398 594 476 661; x_wconf 83' lang='lat' dir='ltr'><strong>Lipa</strong></span> <span class='ocrx_word' id='word_1_34' title='bbox 496 609 540 647; x_wconf 89' lang='lat' dir='ltr'><strong>-ce</strong></span> <span class='ocrx_word' id='word_1_35' title='bbox 555 593 637 662; x_wconf 72' lang='lat' dir='ltr'><strong>Scap.</strong></span> <span class='ocrx_word' id='word_1_36' title='bbox 658 593 711 646; x_wconf 90' lang='lat' dir='ltr'><strong>-cis</strong></span> <span class='ocrx_word' id='word_1_37' title='bbox 727 593 824 663; x_wconf 75' lang='lat' dir='ltr'><strong>Regia.</strong></span> <span class='ocrx_word' id='word_1_38' title='bbox 841 593 943 646; x_wconf 76' lang='lat' dir='ltr'><strong>Hamb</strong></span> <span class='ocrx_word' id='word_1_39' title='bbox 963 592 1043 647; x_wconf 87' lang='lat' dir='ltr'><strong>circis</strong></span> <span class='ocrx_word' id='word_1_40' title='bbox 1063 610 1096 648; x_wconf 76' lang='lat' dir='ltr'><strong>ec</strong></span> 
     </span>
     <span class='ocr_line' id='line_1_6' title="bbox 77 664 511 734; baseline -0.007 -15"><span class='ocrx_word' id='word_1_41' title='bbox 77 665 163 719; x_wconf 80' lang='lat' dir='ltr'>circes</span> <span class='ocrx_word' id='word_1_42' title='bbox 183 666 305 720; x_wconf 81' lang='lat' dir='ltr'><strong>Floriac.</strong></span> <span class='ocrx_word' id='word_1_43' title='bbox 397 671 413 717; x_wconf 84' lang='lat'>4</span> <span class='ocrx_word' id='word_1_44' title='bbox 432 664 511 734; x_wconf 85' lang='lat' dir='ltr'><strong>ygini</strong></span> 
     </span>
    </p>
   </div>
   <div class='ocr_carea' id='block_1_4' title="bbox 76 773 1123 1658">
    <p class='ocr_par' dir='ltr' id='par_1_4' title="bbox 528 773 642 858">
     <span class='ocr_line' id='line_1_7' title="bbox 528 773 642 858; baseline 0.009 -22"><span class='ocrx_word' id='word_1_45' title='bbox 528 783 568 837; x_wconf 91' lang='grc'><strong>11</strong></span> <span class='ocrx_word' id='word_1_46' title='bbox 594 773 642 858; x_wconf 88' lang='grc'><strong>[8]</strong></span> 
     </span>
    </p>

    <p class='ocr_par' dir='ltr' id='par_1_5' title="bbox 76 873 1123 1576">
     <span class='ocr_line' id='line_1_8' title="bbox 146 873 1096 953; baseline -0.002 -16"><span class='ocrx_word' id='word_1_47' title='bbox 146 874 250 937; x_wconf 79' lang='lat' dir='ltr'><strong>‘velati</strong></span> <span class='ocrx_word' id='word_1_48' title='bbox 279 873 352 936; x_wconf 91' lang='lat' dir='ltr'><strong>lino&#39;</strong></span> <span class='ocrx_word' id='word_1_49' title='bbox 378 911 434 936; x_wconf 87' lang='lat'><strong>—-.</strong></span> <span class='ocrx_word' id='word_1_50' title='bbox 483 876 578 952; x_wconf 80' lang='lat' dir='ltr'><strong>Caper</strong></span> <span class='ocrx_word' id='word_1_51' title='bbox 601 879 631 934; x_wconf 92' lang='lat' dir='ltr'><strong>et</strong></span> <span class='ocrx_word' id='word_1_52' title='bbox 653 875 792 953; x_wconf 84' lang='lat' dir='ltr'><strong>Hyginus</strong></span> <span class='ocrx_word' id='word_1_53' title='bbox 821 876 876 934; x_wconf 90' lang='lat' dir='ltr'><strong>hoc</strong></span> <span class='ocrx_word' id='word_1_54' title='bbox 903 877 968 935; x_wconf 89' lang='lat' dir='ltr'><strong>loco</strong></span> <span class='ocrx_word' id='word_1_55' title='bbox 993 875 1096 936; x_wconf 88' lang='lat' dir='ltr'><strong>dicunt</strong></span> 
     </span>
     <span class='ocr_line' id='line_1_9' title="bbox 76 965 1096 1042; baseline -0.002 -16"><span class='ocrx_word' id='word_1_56' title='bbox 76 968 234 1026; x_wconf 88' lang='lat' dir='ltr'><strong>lectionem</strong></span> <span class='ocrx_word' id='word_1_57' title='bbox 265 985 326 1026; x_wconf 90' lang='lat' dir='ltr'><strong>esse</strong></span> <span class='ocrx_word' id='word_1_58' title='bbox 357 969 544 1042; x_wconf 79' lang='lat' dir='ltr'>corruptam,</span> <span class='ocrx_word' id='word_1_59' title='bbox 574 984 645 1023; x_wconf 91' lang='lat' dir='ltr'><strong>nam</strong></span> <span class='ocrx_word' id='word_1_60' title='bbox 672 965 837 1042; x_wconf 84' lang='lat' dir='ltr'><strong>Vergilium</strong></span> <span class='ocrx_word' id='word_1_61' title='bbox 868 966 912 1023; x_wconf 92' lang='lat' dir='ltr'><strong>ita</strong></span> <span class='ocrx_word' id='word_1_62' title='bbox 940 965 1096 1040; x_wconf 85' lang='lat' dir='ltr'><strong>reliquisse</strong></span> 
     </span>
     <span class='ocr_line' id='line_1_10' title="bbox 77 1048 1096 1129; baseline -0.002 -15"><span class='ocrx_word' id='word_1_63' title='bbox 77 1056 254 1115; x_wconf 89' lang='lat' dir='ltr'><strong>confirmant</strong></span> <span class='ocrx_word' id='word_1_64' title='bbox 278 1052 382 1116; x_wconf 84' lang='lat' dir='ltr'><strong>‘velati</strong></span> <span class='ocrx_word' id='word_1_65' title='bbox 405 1048 502 1116; x_wconf 91' lang='lat' dir='ltr'><strong>limo&#39;.</strong></span> <span class='ocrx_word' id='word_1_66' title='bbox 544 1055 633 1112; x_wconf 91' lang='lat' dir='ltr'><strong>limus</strong></span> <span class='ocrx_word' id='word_1_67' title='bbox 658 1057 758 1112; x_wconf 90' lang='lat' dir='ltr'><strong>autem</strong></span> <span class='ocrx_word' id='word_1_68' title='bbox 782 1056 827 1112; x_wconf 92' lang='lat' dir='ltr'><strong>est</strong></span> <span class='ocrx_word' id='word_1_69' title='bbox 850 1056 951 1128; x_wconf 79' lang='lat' dir='ltr'><strong>vestiS,</strong></span> <span class='ocrx_word' id='word_1_70' title='bbox 975 1073 1035 1129; x_wconf 91' lang='lat' dir='ltr'><strong>qua</strong></span> <span class='ocrx_word' id='word_1_71' title='bbox 1059 1054 1096 1112; x_wconf 87' lang='lat' dir='ltr'><strong>ab</strong></span> 
     </span>
     <span class='ocr_line' id='line_1_11' title="bbox 76 1143 1095 1221; baseline -0.005 -17"><span class='ocrx_word' id='word_1_72' title='bbox 76 1146 218 1205; x_wconf 89' lang='lat' dir='ltr'><strong>umbilico</strong></span> <span class='ocrx_word' id='word_1_73' title='bbox 232 1164 326 1221; x_wconf 89' lang='lat' dir='ltr'><strong>usque</strong></span> <span class='ocrx_word' id='word_1_74' title='bbox 346 1145 384 1204; x_wconf 90' lang='lat' dir='ltr'><strong>ad</strong></span> <span class='ocrx_word' id='word_1_75' title='bbox 402 1145 491 1221; x_wconf 88' lang='lat' dir='ltr'><strong>pedes</strong></span> <span class='ocrx_word' id='word_1_76' title='bbox 511 1163 602 1220; x_wconf 88' lang='lat' dir='ltr'><strong>prope</strong></span> <span class='ocrx_word' id='word_1_77' title='bbox 621 1145 764 1220; x_wconf 79' lang='lat' dir='ltr'><strong>tegrmtur</strong></span> <span class='ocrx_word' id='word_1_78' title='bbox 782 1143 922 1218; x_wconf 91' lang='lat' dir='ltr'><strong>pudenda</strong></span> <span class='ocrx_word' id='word_1_79' title='bbox 940 1161 1095 1218; x_wconf 88' lang='lat' dir='ltr'><strong>poparum.</strong></span> 
     </span>
     <span class='ocr_line' id='line_1_12' title="bbox 76 1229 1123 1308; baseline -0.004 -15"><span class='ocrx_word' id='word_1_80' title='bbox 76 1236 150 1293; x_wconf 90' lang='lat' dir='ltr'><strong>haec</strong></span> <span class='ocrx_word' id='word_1_81' title='bbox 165 1238 264 1294; x_wconf 88' lang='lat' dir='ltr'><strong>autem</strong></span> <span class='ocrx_word' id='word_1_82' title='bbox 279 1237 371 1293; x_wconf 85' lang='lat' dir='ltr'><strong>vestis</strong></span> <span class='ocrx_word' id='word_1_83' title='bbox 390 1234 481 1292; x_wconf 91' lang='lat' dir='ltr'><strong>habet</strong></span> <span class='ocrx_word' id='word_1_84' title='bbox 499 1235 531 1290; x_wconf 88' lang='lat' dir='ltr'><strong>in</strong></span> <span class='ocrx_word' id='word_1_85' title='bbox 546 1236 676 1292; x_wconf 85' lang='lat' dir='ltr'><strong>extremo</strong></span> <span class='ocrx_word' id='word_1_86' title='bbox 696 1234 742 1291; x_wconf 90' lang='lat' dir='ltr'><strong>sui</strong></span> <span class='ocrx_word' id='word_1_87' title='bbox 760 1251 924 1308; x_wconf 84' lang='lat' dir='ltr'><strong>purpuram</strong></span> <span class='ocrx_word' id='word_1_88' title='bbox 942 1229 1047 1290; x_wconf 80' lang='lat' dir='ltr'><strong>limam</strong></span> <span class='ocrx_word' id='word_1_89' title='bbox 1065 1232 1096 1290; x_wconf 91' lang='lat' dir='ltr'><strong>id</strong></span> <span class='ocrx_word' id='word_1_90' title='bbox 1111 1242 1123 1282; x_wconf 76' lang='lat'><strong>⁶</strong></span> 
     </span>
     <span class='ocr_line' id='line_1_13' title="bbox 77 1320 1096 1398; baseline -0.004 -16"><span class='ocrx_word' id='word_1_91' title='bbox 77 1327 123 1383; x_wconf 90' lang='lat' dir='ltr'><strong>est</strong></span> <span class='ocrx_word' id='word_1_92' title='bbox 145 1325 318 1398; x_wconf 84' lang='lat' dir='ltr'><strong>flexuosam,</strong></span> <span class='ocrx_word' id='word_1_93' title='bbox 346 1324 424 1382; x_wconf 90' lang='lat' dir='ltr'><strong>unde</strong></span> <span class='ocrx_word' id='word_1_94' title='bbox 448 1327 478 1381; x_wconf 90' lang='lat' dir='ltr'><strong>et</strong></span> <span class='ocrx_word' id='word_1_95' title='bbox 501 1341 607 1380; x_wconf 89' lang='lat' dir='ltr'><strong>nomen</strong></span> <span class='ocrx_word' id='word_1_96' title='bbox 636 1322 764 1397; x_wconf 69' lang='lat' dir='ltr'><strong>accepit,</strong></span> <span class='ocrx_word' id='word_1_97' title='bbox 793 1340 864 1379; x_wconf 92' lang='lat' dir='ltr'><strong>nam</strong></span> <span class='ocrx_word' id='word_1_98' title='bbox 892 1321 998 1380; x_wconf 91' lang='lat' dir='ltr'><strong>limum</strong></span> <span class='ocrx_word' id='word_1_99' title='bbox 1023 1320 1096 1379; x_wconf 91' lang='lat' dir='ltr'><strong>obli·</strong></span> 
     </span>
     <span class='ocr_line' id='line_1_14' title="bbox 77 1404 1095 1489; baseline -0.001 -18"><span class='ocrx_word' id='word_1_100' title='bbox 77 1433 169 1488; x_wconf 90' lang='lat' dir='ltr'><strong>quum</strong></span> <span class='ocrx_word' id='word_1_101' title='bbox 193 1413 327 1486; x_wconf 85' lang='lat' dir='ltr'><strong>dicimus,</strong></span> <span class='ocrx_word' id='word_1_102' title='bbox 350 1413 428 1470; x_wconf 88' lang='lat' dir='ltr'><strong>unde</strong></span> <span class='ocrx_word' id='word_1_103' title='bbox 448 1415 478 1471; x_wconf 89' lang='lat' dir='ltr'><strong>et</strong></span> <span class='ocrx_word' id='word_1_104' title='bbox 497 1412 651 1470; x_wconf 80' lang='lat' dir='ltr'><strong>Terentius</strong></span> <span class='ocrx_word' id='word_1_105' title='bbox 677 1405 754 1489; x_wconf 78' lang='lat' dir='ltr'><strong>[cca.</strong></span> <span class='ocrx_word' id='word_1_106' title='bbox 772 1404 849 1489; x_wconf 86' lang='lat'><strong><em>601]</em></strong></span> <span class='ocrx_word' id='word_1_107' title='bbox 875 1404 966 1469; x_wconf 88' lang='lat' dir='ltr'><strong>‘limis</strong></span> <span class='ocrx_word' id='word_1_108' title='bbox 990 1405 1095 1470; x_wconf 90' lang='lat' dir='ltr'><strong>oculis&#39;</strong></span> 
     </span>
     <span class='ocr_line' id='line_1_15' title="bbox 77 1502 445 1576; baseline -0.005 -16"><span class='ocrx_word' id='word_1_109' title='bbox 77 1504 160 1576; x_wconf 90' lang='lat' dir='ltr'><strong>dicit,</strong></span> <span class='ocrx_word' id='word_1_110' title='bbox 184 1503 214 1560; x_wconf 92' lang='lat' dir='ltr'><strong>id</strong></span> <span class='ocrx_word' id='word_1_111' title='bbox 238 1505 283 1560; x_wconf 91' lang='lat' dir='ltr'><strong>est</strong></span> <span class='ocrx_word' id='word_1_112' title='bbox 306 1502 445 1576; x_wconf 90' lang='lat' dir='ltr'><strong>obliquis.</strong></span> 
     </span>
    </p>

    <p class='ocr_par' dir='ltr' id='par_1_6' title="bbox 150 1588 1097 1658">
     <span class='ocr_line' id='line_1_16' title="bbox 150 1588 1097 1658; baseline -0.003 -12"><span class='ocrx_word' id='word_1_113' title='bbox 150 1592 222 1646; x_wconf 81' lang='lat' dir='ltr'><strong>Sero.</strong></span> <span class='ocrx_word' id='word_1_114' title='bbox 239 1594 307 1646; x_wconf 83' lang='lat' dir='ltr'><strong>Aea.</strong></span> <span class='ocrx_word' id='word_1_115' title='bbox 325 1595 438 1657; x_wconf 79' lang='lat'><strong>12,120</strong></span> <span class='ocrx_word' id='word_1_116' title='bbox 459 1590 539 1644; x_wconf 79' lang='lat' dir='ltr'><strong>‘veae</strong></span> <span class='ocrx_word' id='word_1_117' title='bbox 551 1591 619 1644; x_wconf 78' lang='lat' dir='ltr'><strong>nno&#39;.</strong></span> <span class='ocrx_word' id='word_1_118' title='bbox 639 1589 719 1657; x_wconf 86' lang='lat' dir='ltr'><strong>atqui</strong></span> <span class='ocrx_word' id='word_1_119' title='bbox 737 1588 850 1642; x_wconf 84' lang='lat' dir='ltr'><strong>fetiales</strong></span> <span class='ocrx_word' id='word_1_120' title='bbox 865 1591 894 1642; x_wconf 85' lang='lat' dir='ltr'><strong>et</strong></span> <span class='ocrx_word' id='word_1_121' title='bbox 907 1592 989 1657; x_wconf 89' lang='lat' dir='ltr'><strong>pater</strong></span> <span class='ocrx_word' id='word_1_122' title='bbox 1001 1591 1097 1658; x_wconf 82' lang='lat' dir='ltr'><strong>patra-</strong></span> 
     </span>
    </p>
   </div>
   <div class='ocr_carea' id='block_1_5' title="bbox 77 1660 1098 1800">
    <p class='ocr_par' dir='ltr' id='par_1_7' title="bbox 77 1660 1098 1800">
     <span class='ocr_line' id='line_1_17' title="bbox 77 1660 1098 1731; baseline -0.002 -15"><span class='ocrx_word' id='word_1_123' title='bbox 77 1667 132 1728; x_wconf 83' lang='lat' dir='ltr'><strong>tus,</strong></span> <span class='ocrx_word' id='word_1_124' title='bbox 151 1681 201 1731; x_wconf 90' lang='lat' dir='ltr'><strong>per</strong></span> <span class='ocrx_word' id='word_1_125' title='bbox 219 1680 288 1731; x_wconf 90' lang='lat' dir='ltr'><strong>quos</strong></span> <span class='ocrx_word' id='word_1_126' title='bbox 308 1661 384 1716; x_wconf 92' lang='lat' dir='ltr'><strong>bella</strong></span> <span class='ocrx_word' id='word_1_127' title='bbox 402 1661 445 1716; x_wconf 89' lang='lat' dir='ltr'><strong>vel</strong></span> <span class='ocrx_word' id='word_1_128' title='bbox 464 1661 579 1715; x_wconf 82' lang='lat' dir='ltr'><strong>foedera</strong></span> <span class='ocrx_word' id='word_1_129' title='bbox 597 1660 841 1726; x_wconf 85' lang='lat' dir='ltr'><strong>confirmabantur,</strong></span> <span class='ocrx_word' id='word_1_130' title='bbox 860 1677 1013 1728; x_wconf 76' lang='lat' dir='ltr'><strong>numquam</strong></span> <span class='ocrx_word' id='word_1_131' title='bbox 1036 1664 1098 1714; x_wconf 90' lang='lat' dir='ltr'><strong>ute·</strong></span> 
     </span>
     <span class='ocr_line' id='line_1_18' title="bbox 77 1733 1096 1800; baseline 0 -14"><span class='ocrx_word' id='word_1_132' title='bbox 77 1735 181 1787; x_wconf 91' lang='lat' dir='ltr'><strong>bantur</strong></span> <span class='ocrx_word' id='word_1_133' title='bbox 204 1734 329 1788; x_wconf 89' lang='lat' dir='ltr'><strong>vestibus</strong></span> <span class='ocrx_word' id='word_1_134' title='bbox 353 1733 444 1787; x_wconf 90' lang='lat' dir='ltr'><strong>lineis.</strong></span> <span class='ocrx_word' id='word_1_135' title='bbox 472 1764 503 1771; x_wconf 94' lang='lat'><strong>·-</strong></span> <span class='ocrx_word' id='word_1_136' title='bbox 528 1746 599 1796; x_wconf 74' lang='lat' dir='ltr'><strong>dapar</strong></span> <span class='ocrx_word' id='word_1_137' title='bbox 616 1735 712 1786; x_wconf 89' lang='lat' dir='ltr'><strong>tamen</strong></span> <span class='ocrx_word' id='word_1_138' title='bbox 731 1749 753 1786; x_wconf 78' lang='lat' dir='ltr'><strong>ee</strong></span> <span class='ocrx_word' id='word_1_139' title='bbox 771 1747 876 1795; x_wconf 74' lang='lat' dir='ltr'><strong>Hyginus</strong></span> <span class='ocrx_word' id='word_1_140' title='bbox 890 1764 916 1771; x_wconf 89' lang='lat'><em>-</em></span> <span class='ocrx_word' id='word_1_141' title='bbox 930 1746 1033 1795; x_wconf 72' lang='lat' dir='ltr'><strong>obliquis.</strong></span> <span class='ocrx_word' id='word_1_142' title='bbox 1061 1734 1096 1800; x_wconf 82' lang='lat' dir='ltr'><strong>cf.</strong></span> 
     </span>
    </p>
   </div>
   <div class='ocr_carea' id='block_1_6' title="bbox 77 1803 1098 2016">
    <p class='ocr_par' dir='ltr' id='par_1_8' title="bbox 77 1803 1098 2016">
     <span class='ocr_line' id='line_1_19' title="bbox 78 1803 1096 1872; baseline -0.004 -12"><span class='ocrx_word' id='word_1_143' title='bbox 78 1807 152 1860; x_wconf 82' lang='lat' dir='ltr'><strong>Doa.</strong></span> <span class='ocrx_word' id='word_1_144' title='bbox 176 1807 234 1860; x_wconf 84' lang='lat' dir='ltr'><strong>Ter.</strong></span> <span class='ocrx_word' id='word_1_145' title='bbox 254 1823 314 1860; x_wconf 79' lang='lat' dir='ltr'><strong>eae.</strong></span> <span class='ocrx_word' id='word_1_146' title='bbox 335 1811 361 1871; x_wconf 84' lang='lat'><strong>3,</strong></span> <span class='ocrx_word' id='word_1_147' title='bbox 373 1809 398 1872; x_wconf 84' lang='lat'><strong>5,</strong></span> <span class='ocrx_word' id='word_1_148' title='bbox 409 1803 500 1859; x_wconf 80' lang='lat'>53²·⁸.</span> <span class='ocrx_word' id='word_1_149' title='bbox 528 1804 596 1858; x_wconf 84' lang='lat' dir='ltr'><strong>leid.</strong></span> <span class='ocrx_word' id='word_1_150' title='bbox 616 1821 654 1858; x_wconf 85' lang='lat' dir='ltr'><strong>or.</strong></span> <span class='ocrx_word' id='word_1_151' title='bbox 672 1808 714 1870; x_wconf 86' lang='lat'><strong>15,</strong></span> <span class='ocrx_word' id='word_1_152' title='bbox 724 1808 767 1868; x_wconf 87' lang='lat'><strong>14,</strong></span> <span class='ocrx_word' id='word_1_153' title='bbox 777 1807 802 1857; x_wconf 84' lang='lat'><strong>2.</strong></span> <span class='ocrx_word' id='word_1_154' title='bbox 824 1808 867 1870; x_wconf 84' lang='lat'><strong>16,</strong></span> <span class='ocrx_word' id='word_1_155' title='bbox 879 1809 903 1869; x_wconf 88' lang='lat'><strong>1,</strong></span> <span class='ocrx_word' id='word_1_156' title='bbox 911 1807 937 1856; x_wconf 84' lang='lat'><strong>2.</strong></span> <span class='ocrx_word' id='word_1_157' title='bbox 963 1807 1006 1869; x_wconf 92' lang='grc'><strong>19,</strong></span> <span class='ocrx_word' id='word_1_158' title='bbox 1017 1807 1061 1869; x_wconf 84' lang='grc'><strong>33,</strong></span> <span class='ocrx_word' id='word_1_159' title='bbox 1071 1809 1096 1857; x_wconf 80' lang='grc'><strong>4.</strong></span> 
     </span>
     <span class='ocr_line' id='line_1_20' title="bbox 77 1876 1098 2016; baseline -0.004 -84"><span class='ocrx_word' id='word_1_160' title='bbox 77 1878 205 2016; x_wconf 50' lang='lat' dir='ltr'><strong>chiri&#39;rfri</strong></span> <span class='ocrx_word' id='word_1_161' title='bbox 217 1882 258 1932; x_wconf 81' lang='lat'><strong>14.</strong></span> <span class='ocrx_word' id='word_1_162' title='bbox 287 1879 342 1932; x_wconf 73' lang='lat' dir='ltr'><strong>iata</strong></span> <span class='ocrx_word' id='word_1_163' title='bbox 361 1895 394 1931; x_wconf 76' lang='lat' dir='ltr'><strong>ee</strong></span> <span class='ocrx_word' id='word_1_164' title='bbox 409 1878 487 1932; x_wconf 72' lang='lat' dir='ltr'><strong>libris</strong></span> <span class='ocrx_word' id='word_1_165' title='bbox 504 1879 591 1931; x_wconf 84' lang='lat' dir='ltr'><strong>solam</strong></span> <span class='ocrx_word' id='word_1_166' title='bbox 606 1877 649 1929; x_wconf 82' lang='lat' dir='ltr'><strong>De</strong></span> <span class='ocrx_word' id='word_1_167' title='bbox 665 1876 783 1944; x_wconf 69' lang='lat' dir='ltr'><strong>Vergilio</strong></span> <span class='ocrx_word' id='word_1_168' title='bbox 797 1877 951 1929; x_wconf 80' lang='lat' dir='ltr'><strong>moaoaisse</strong></span> <span class='ocrx_word' id='word_1_169' title='bbox 965 1880 1098 1944; x_wconf 70' lang='lat' dir='ltr'><strong>poseant,-</strong></span> 
     </span>
    </p>
   </div>
   <div class='ocr_carea' id='block_1_7' title="bbox 466 2042 712 2098">
    <p class='ocr_par' dir='ltr' id='par_1_9' title="bbox 466 2042 712 2098">
     <span class='ocr_line' id='line_1_21' title="bbox 466 2042 712 2098; baseline -0.008 0"><span class='ocrx_word' id='word_1_170' title='bbox 466 2045 513 2098; x_wconf 84' lang='lat' dir='ltr'><strong>EX</strong></span> <span class='ocrx_word' id='word_1_171' title='bbox 532 2042 712 2098; x_wconf 83' lang='lat' dir='ltr'><strong>HXEMPLIS</strong></span> 
     </span>
    </p>
   </div>
   <div class='ocr_carea' id='block_1_8' title="bbox 417 2152 757 2239">
    <p class='ocr_par' dir='ltr' id='par_1_10' title="bbox 417 2152 757 2239">
     <span class='ocr_line' id='line_1_22' title="bbox 417 2152 757 2239; baseline -0.006 -19"><span class='ocrx_word' id='word_1_172' title='bbox 417 2164 459 2220; x_wconf 91' lang='grc'><strong>12</strong></span> <span class='ocrx_word' id='word_1_173' title='bbox 483 2154 597 2239; x_wconf 86' lang='lat' dir='ltr'><strong>[HRR</strong></span> <span class='ocrx_word' id='word_1_174' title='bbox 622 2163 640 2217; x_wconf 90' lang='lat'><strong><em>1</em></strong></span> <span class='ocrx_word' id='word_1_175' title='bbox 660 2152 757 2237; x_wconf 80' lang='lat' dir='ltr'><strong>Peter]</strong></span> 
     </span>
    </p>
   </div>
   <div class='ocr_carea' id='block_1_9' title="bbox 78 2259 1124 3047">
    <p class='ocr_par' dir='ltr' id='par_1_11' title="bbox 78 2259 1124 2966">
     <span class='ocr_line' id='line_1_23' title="bbox 147 2259 1097 2346; baseline -0.002 -21"><span class='ocrx_word' id='word_1_176' title='bbox 147 2268 183 2325; x_wconf 87' lang='lat' dir='ltr'><strong>ad</strong></span> <span class='ocrx_word' id='word_1_177' title='bbox 218 2287 267 2326; x_wconf 90' lang='lat' dir='ltr'><strong>eas</strong></span> <span class='ocrx_word' id='word_1_178' title='bbox 304 2267 406 2327; x_wconf 87' lang='lat' dir='ltr'><strong>laudes</strong></span> <span class='ocrx_word' id='word_1_179' title='bbox 446 2261 593 2346; x_wconf 78' lang='lat' dir='ltr'><strong>[Mausoli</strong></span> <span class='ocrx_word' id='word_1_180' title='bbox 623 2259 713 2344; x_wconf 75' lang='lat' dir='ltr'><strong>repis]</strong></span> <span class='ocrx_word' id='word_1_181' title='bbox 753 2264 945 2323; x_wconf 84' lang='lat' dir='ltr'><strong>decertandas</strong></span> <span class='ocrx_word' id='word_1_182' title='bbox 981 2267 1097 2324; x_wconf 84' lang='lat' dir='ltr'><strong>venisse</strong></span> 
     </span>
     <span class='ocr_line' id='line_1_24' title="bbox 79 2353 1098 2433; baseline -0.005 -19"><span class='ocrx_word' id='word_1_183' title='bbox 79 2356 218 2415; x_wconf 89' lang='lat' dir='ltr'><strong>dicuntur</strong></span> <span class='ocrx_word' id='word_1_184' title='bbox 250 2357 308 2416; x_wconf 88' lang='lat' dir='ltr'><strong>viri</strong></span> <span class='ocrx_word' id='word_1_185' title='bbox 339 2356 454 2415; x_wconf 88' lang='lat' dir='ltr'><strong>nobiles</strong></span> <span class='ocrx_word' id='word_1_186' title='bbox 492 2356 611 2433; x_wconf 88' lang='lat' dir='ltr'><strong>ingenio</strong></span> <span class='ocrx_word' id='word_1_187' title='bbox 645 2357 735 2430; x_wconf 89' lang='lat' dir='ltr'><strong>atque</strong></span> <span class='ocrx_word' id='word_1_188' title='bbox 770 2355 877 2431; x_wconf 88' lang='lat' dir='ltr'><strong>lingua</strong></span> <span class='ocrx_word' id='word_1_189' title='bbox 913 2353 1098 2429; x_wconf 73' lang='lat' dir='ltr'><strong>praestabili,</strong></span> 
     </span>
     <span class='ocr_line' id='line_1_25' title="bbox 79 2442 1097 2521; baseline -0.004 -17"><span class='ocrx_word' id='word_1_190' title='bbox 79 2447 287 2521; x_wconf 87' lang='lat' dir='ltr'><strong>Theopompus</strong></span> <span class='ocrx_word' id='word_1_191' title='bbox 315 2446 496 2504; x_wconf 82' lang='lat' dir='ltr'><strong>Theodectes</strong></span> <span class='ocrx_word' id='word_1_192' title='bbox 525 2445 702 2516; x_wconf 62' lang='lat' dir='ltr'><strong>Naucratem</strong></span> <span class='ocrx_word' id='word_1_193' title='bbox 734 2447 803 2501; x_wconf 91' lang='lat' dir='ltr'><strong>sunt</strong></span> <span class='ocrx_word' id='word_1_194' title='bbox 834 2444 925 2501; x_wconf 88' lang='lat' dir='ltr'><strong>etiam</strong></span> <span class='ocrx_word' id='word_1_195' title='bbox 956 2445 1008 2518; x_wconf 91' lang='lat' dir='ltr'><strong>qui</strong></span> <span class='ocrx_word' id='word_1_196' title='bbox 1035 2442 1097 2500; x_wconf 89' lang='lat' dir='ltr'><strong>Iso·</strong></span> 
     </span>
     <span class='ocr_line' id='line_1_26' title="bbox 79 2531 1098 2610; baseline -0.005 -17"><span class='ocrx_word' id='word_1_197' title='bbox 79 2540 191 2593; x_wconf 88' lang='lat' dir='ltr'><strong>cratem</strong></span> <span class='ocrx_word' id='word_1_198' title='bbox 218 2537 317 2610; x_wconf 89' lang='lat' dir='ltr'><strong>ipsum</strong></span> <span class='ocrx_word' id='word_1_199' title='bbox 341 2535 478 2593; x_wconf 89' lang='lat' dir='ltr'><strong>cumbis</strong></span> <span class='ocrx_word' id='word_1_200' title='bbox 503 2535 660 2592; x_wconf 81' lang='lat' dir='ltr'><strong>certavisse</strong></span> <span class='ocrx_word' id='word_1_201' title='bbox 688 2534 847 2590; x_wconf 87' lang='lat' dir='ltr'><strong>memoriae</strong></span> <span class='ocrx_word' id='word_1_202' title='bbox 876 2531 1098 2607; x_wconf 71' lang='lat' dir='ltr'><strong>mandaverint,</strong></span> 
     </span>
     <span class='ocr_line' id='line_1_27' title="bbox 79 2620 1124 2698; baseline -0.008 -16"><span class='ocrx_word' id='word_1_203' title='bbox 79 2624 130 2682; x_wconf 94' lang='lat' dir='ltr'><strong>sed</strong></span> <span class='ocrx_word' id='word_1_204' title='bbox 154 2642 188 2682; x_wconf 89' lang='lat' dir='ltr'><strong>eo</strong></span> <span class='ocrx_word' id='word_1_205' title='bbox 212 2625 372 2682; x_wconf 79' lang='lat' dir='ltr'><strong>certamine</strong></span> <span class='ocrx_word' id='word_1_206' title='bbox 400 2625 506 2682; x_wconf 81' lang='lat' dir='ltr'><strong>vicisse</strong></span> <span class='ocrx_word' id='word_1_207' title='bbox 530 2623 754 2698; x_wconf 91' lang='lat' dir='ltr'><strong>Theopompum</strong></span> <span class='ocrx_word' id='word_1_208' title='bbox 784 2621 950 2678; x_wconf 90' lang='lat' dir='ltr'><strong>iudicatum</strong></span> <span class='ocrx_word' id='word_1_209' title='bbox 973 2624 1025 2678; x_wconf 91' lang='lat' dir='ltr'><strong>est.</strong></span> <span class='ocrx_word' id='word_1_210' title='bbox 1072 2620 1124 2679; x_wconf 83' lang='lat' dir='ltr'><strong>iss</strong></span> 
     </span>
     <span class='ocr_line' id='line_1_28' title="bbox 79 2709 1098 2788; baseline -0.005 -17"><span class='ocrx_word' id='word_1_211' title='bbox 79 2715 139 2771; x_wconf 87' lang='lat' dir='ltr'><strong>fuit</strong></span> <span class='ocrx_word' id='word_1_212' title='bbox 167 2713 308 2772; x_wconf 88' lang='lat' dir='ltr'><strong>Isocratis</strong></span> <span class='ocrx_word' id='word_1_213' title='bbox 341 2713 512 2788; x_wconf 74' lang='lat' dir='ltr'><strong>discipulus,</strong></span> <span class='ocrx_word' id='word_1_214' title='bbox 566 2714 648 2770; x_wconf 83' lang='lat' dir='ltr'><strong>extat</strong></span> <span class='ocrx_word' id='word_1_215' title='bbox 679 2729 757 2768; x_wconf 92' lang='lat' dir='ltr'><strong>nunc</strong></span> <span class='ocrx_word' id='word_1_216' title='bbox 790 2729 907 2786; x_wconf 90' lang='lat' dir='ltr'><strong>quoque</strong></span> <span class='ocrx_word' id='word_1_217' title='bbox 937 2709 1098 2768; x_wconf 89' lang='lat' dir='ltr'><strong>Theodecti</strong></span> 
     </span>
     <span class='ocr_line' id='line_1_29' title="bbox 78 2799 1097 2878; baseline -0.001 -19"><span class='ocrx_word' id='word_1_218' title='bbox 78 2802 247 2878; x_wconf 85' lang='lat' dir='ltr'><strong>tragoedia,</strong></span> <span class='ocrx_word' id='word_1_219' title='bbox 276 2821 351 2877; x_wconf 89' lang='lat' dir='ltr'><strong>quae</strong></span> <span class='ocrx_word' id='word_1_220' title='bbox 378 2801 551 2862; x_wconf 88' lang='lat' dir='ltr'><strong>inscribitur</strong></span> <span class='ocrx_word' id='word_1_221' title='bbox 573 2799 740 2873; x_wconf 88' lang='lat' dir='ltr'><strong>Mausolus,</strong></span> <span class='ocrx_word' id='word_1_222' title='bbox 770 2799 802 2856; x_wconf 90' lang='lat' dir='ltr'><strong>in</strong></span> <span class='ocrx_word' id='word_1_223' title='bbox 826 2817 978 2874; x_wconf 91' lang='lat' dir='ltr'><strong>quaeum</strong></span> <span class='ocrx_word' id='word_1_224' title='bbox 1000 2801 1097 2876; x_wconf 87' lang='lat' dir='ltr'><strong>magis</strong></span> 
     </span>
     <span class='ocr_line' id='line_1_30' title="bbox 80 2887 1011 2966; baseline -0.004 -18"><span class='ocrx_word' id='word_1_225' title='bbox 80 2910 169 2966; x_wconf 90' lang='lat' dir='ltr'><strong>quam</strong></span> <span class='ocrx_word' id='word_1_226' title='bbox 192 2893 223 2948; x_wconf 91' lang='lat' dir='ltr'><strong>in</strong></span> <span class='ocrx_word' id='word_1_227' title='bbox 247 2909 336 2966; x_wconf 88' lang='lat' dir='ltr'><strong>prosa</strong></span> <span class='ocrx_word' id='word_1_228' title='bbox 358 2891 505 2966; x_wconf 88' lang='lat' dir='ltr'><strong>placuisse</strong></span> <span class='ocrx_word' id='word_1_229' title='bbox 529 2889 667 2966; x_wconf 82' lang='lat' dir='ltr'><strong>Hyginus</strong></span> <span class='ocrx_word' id='word_1_230' title='bbox 690 2889 722 2945; x_wconf 91' lang='lat' dir='ltr'><strong>in</strong></span> <span class='ocrx_word' id='word_1_231' title='bbox 746 2887 888 2964; x_wconf 86' lang='lat' dir='ltr'><strong>exemplis</strong></span> <span class='ocrx_word' id='word_1_232' title='bbox 911 2887 1011 2946; x_wconf 86' lang='lat' dir='ltr'><strong>refert.</strong></span> 
     </span>
    </p>

    <p class='ocr_par' dir='ltr' id='par_1_12' title="bbox 154 2981 696 3047">
     <span class='ocr_line' id='line_1_31' title="bbox 154 2981 696 3047; baseline -0.006 -14"><span class='ocrx_word' id='word_1_233' title='bbox 154 2981 221 3035; x_wconf 72' lang='lat' dir='ltr'><strong>Geli.</strong></span> <span class='ocrx_word' id='word_1_234' title='bbox 239 2985 281 3047; x_wconf 84' lang='lat'><strong>10,</strong></span> <span class='ocrx_word' id='word_1_235' title='bbox 297 2985 341 3046; x_wconf 81' lang='grc'><em>18,</em></span> <span class='ocrx_word' id='word_1_236' title='bbox 362 2986 379 3034; x_wconf 84' lang='grc'><em>6</em></span> <span class='ocrx_word' id='word_1_237' title='bbox 398 2995 427 3034; x_wconf 83' lang='lat' dir='ltr'><strong>ad</strong></span> <span class='ocrx_word' id='word_1_238' title='bbox 442 3006 479 3034; x_wconf 84' lang='lat' dir='ltr'><strong>eas</strong></span> <span class='ocrx_word' id='word_1_239' title='bbox 492 2993 570 3034; x_wconf 83' lang='lat' dir='ltr'><strong>laudes</strong></span> <span class='ocrx_word' id='word_1_240' title='bbox 584 3011 610 3017; x_wconf 91' lang='lat'>-</span> <span class='ocrx_word' id='word_1_241' title='bbox 623 2992 696 3032; x_wconf 83' lang='lat' dir='ltr'><strong>refert.</strong></span> 
     </span>
    </p>
   </div>
   <div class='ocr_carea' id='block_1_10' title="bbox 80 3066 1095 3212">
    <p class='ocr_par' dir='ltr' id='par_1_13' title="bbox 80 3066 1095 3212">
     <span class='ocr_line' id='line_1_32' title="bbox 152 3066 1095 3136; baseline -0.004 -13"><span class='ocrx_word' id='word_1_242' title='bbox 152 3075 167 3123; x_wconf 87' lang='grc'>3</span> <span class='ocrx_word' id='word_1_243' title='bbox 191 3069 331 3123; x_wconf 87' lang='lat' dir='ltr'><strong>naucrites</strong></span> <span class='ocrx_word' id='word_1_244' title='bbox 410 3072 546 3124; x_wconf 86' lang='lat' dir='ltr'><strong>socratem</strong></span> <span class='ocrx_word' id='word_1_245' title='bbox 566 3071 644 3136; x_wconf 89' lang='lat' dir='ltr'><strong>(sacr.</strong></span> <span class='ocrx_word' id='word_1_246' title='bbox 667 3068 739 3121; x_wconf 84' lang='lat' dir='ltr'><strong>Voss.</strong></span> <span class='ocrx_word' id='word_1_247' title='bbox 760 3068 824 3120; x_wconf 87' lang='lat' dir='ltr'><strong>Lat.</strong></span> <span class='ocrx_word' id='word_1_248' title='bbox 845 3067 918 3134; x_wconf 78' lang='lat' dir='ltr'><strong>Fr)</strong></span> <span class='ocrx_word' id='word_1_249' title='bbox 938 3066 1029 3121; x_wconf 79' lang='lat' dir='ltr'><strong>codd:</strong></span> <span class='ocrx_word' id='word_1_250' title='bbox 1048 3083 1095 3120; x_wconf 84' lang='lat' dir='ltr'><strong>em.</strong></span> 
     </span>
     <span class='ocr_line' id='line_1_33' title="bbox 80 3140 649 3212; baseline -0.007 -16"><span class='ocrx_word' id='word_1_251' title='bbox 80 3143 219 3212; x_wconf 77' lang='lat' dir='ltr'><strong>Mayliah.</strong></span> <span class='ocrx_word' id='word_1_252' title='bbox 240 3144 313 3194; x_wconf 74' lang='grc'><strong>112</strong></span> <span class='ocrx_word' id='word_1_253' title='bbox 386 3147 401 3194; x_wconf 91' lang='grc'><strong>6</strong></span> <span class='ocrx_word' id='word_1_254' title='bbox 421 3140 538 3194; x_wconf 89' lang='lat' dir='ltr'><strong>socratis</strong></span> <span class='ocrx_word' id='word_1_255' title='bbox 558 3140 649 3194; x_wconf 68' lang='lat' dir='ltr'><strong>Paris.</strong></span> 
     </span>
    </p>
   </div>
   <div class='ocr_carea' id='block_1_11' title="bbox 294 3279 882 3475">
    <p class='ocr_par' dir='ltr' id='par_1_14' title="bbox 294 3279 882 3475">
     <span class='ocr_line' id='line_1_34' title="bbox 294 3279 882 3339; baseline -0.005 -4"><span class='ocrx_word' id='word_1_256' title='bbox 294 3282 343 3335; x_wconf 80' lang='lat' dir='ltr'><strong>EX</strong></span> <span class='ocrx_word' id='word_1_257' title='bbox 362 3282 504 3339; x_wconf 86' lang='lat' dir='ltr'>URBIUM</span> <span class='ocrx_word' id='word_1_258' title='bbox 522 3279 748 3334; x_wconf 81' lang='lat' dir='ltr'><strong>ITALICARUM</strong></span> <span class='ocrx_word' id='word_1_259' title='bbox 767 3279 882 3334; x_wconf 86' lang='lat' dir='ltr'><strong>LIBRIS</strong></span> 
     </span>
     <span class='ocr_line' id='line_1_35' title="bbox 530 3391 645 3475; baseline 0 -20"><span class='ocrx_word' id='word_1_260' title='bbox 530 3400 572 3455; x_wconf 84' lang='lat'><strong>13</strong></span> <span class='ocrx_word' id='word_1_261' title='bbox 597 3391 645 3475; x_wconf 79' lang='lat' dir='ltr'><strong>[a]</strong></span> 
     </span>
    </p>
   </div>
   <div class='ocr_carea' id='block_1_12' title="bbox 80 3498 1097 3671">
    <p class='ocr_par' dir='ltr' id='par_1_15' title="bbox 80 3498 1097 3671">
     <span class='ocr_line' id='line_1_36' title="bbox 147 3498 1097 3583; baseline -0.006 -21"><span class='ocrx_word' id='word_1_262' title='bbox 147 3506 194 3564; x_wconf 82' lang='lat' dir='ltr'><strong>lib.</strong></span> <span class='ocrx_word' id='word_1_263' title='bbox 215 3505 261 3562; x_wconf 83' lang='lat'><strong>11.</strong></span> <span class='ocrx_word' id='word_1_264' title='bbox 304 3505 356 3579; x_wconf 91' lang='lat' dir='ltr'><strong>qui</strong></span> <span class='ocrx_word' id='word_1_265' title='bbox 376 3498 554 3583; x_wconf 72' lang='lat' dir='ltr'><strong>[Vergilius]</strong></span> <span class='ocrx_word' id='word_1_266' title='bbox 575 3522 641 3562; x_wconf 90' lang='lat' dir='ltr'><strong>cum</strong></span> <span class='ocrx_word' id='word_1_267' title='bbox 659 3503 782 3582; x_wconf 83' lang='lat' dir='ltr'><strong>legisset</strong></span> <span class='ocrx_word' id='word_1_268' title='bbox 800 3502 952 3574; x_wconf 90' lang='lat' dir='ltr'><strong>Hernicos,</strong></span> <span class='ocrx_word' id='word_1_269' title='bbox 972 3518 1097 3575; x_wconf 89' lang='lat' dir='ltr'><strong>quorum</strong></span> 
     </span>
     <span class='ocr_line' id='line_1_37' title="bbox 80 3592 1096 3671; baseline -0.008 -17"><span class='ocrx_word' id='word_1_270' title='bbox 80 3598 126 3654; x_wconf 91' lang='lat' dir='ltr'><strong>est</strong></span> <span class='ocrx_word' id='word_1_271' title='bbox 144 3595 292 3671; x_wconf 86' lang='lat' dir='ltr'><strong>Anagnia,</strong></span> <span class='ocrx_word' id='word_1_272' title='bbox 316 3613 334 3652; x_wconf 88' lang='lat' dir='ltr'><strong>a</strong></span> <span class='ocrx_word' id='word_1_273' title='bbox 352 3592 485 3671; x_wconf 87' lang='lat' dir='ltr'><strong>Pelasgis</strong></span> <span class='ocrx_word' id='word_1_274' title='bbox 509 3593 649 3652; x_wconf 90' lang='lat' dir='ltr'><strong>oriundos</strong></span> <span class='ocrx_word' id='word_1_275' title='bbox 673 3592 900 3668; x_wconf 81' lang='lat' dir='ltr'><strong>appellatasque</strong></span> <span class='ocrx_word' id='word_1_276' title='bbox 923 3592 968 3648; x_wconf 87' lang='lat' dir='ltr'><strong>ita</strong></span> <span class='ocrx_word' id='word_1_277' title='bbox 990 3609 1006 3646; x_wconf 91' lang='lat' dir='ltr'><strong>a</strong></span> <span class='ocrx_word' id='word_1_278' title='bbox 1026 3607 1096 3663; x_wconf 91' lang='lat' dir='ltr'><strong>quo·</strong></span> 
     </span>
    </p>
   </div>
   <div class='ocr_carea' id='block_1_13' title="bbox 0 0 1211 3824">
    <p class='ocr_par' dir='ltr' id='par_1_16' title="bbox 0 0 1211 3824">
     <span class='ocr_line' id='line_1_38' title="bbox 0 0 1211 3824; baseline 0 0"><span class='ocrx_word' id='word_1_279' title='bbox 0 0 1211 3824; x_wconf 95' lang='lat' dir='ltr'><strong> </strong></span> 
     </span>
    </p>
   </div>
  </div>
 </body>
</html>
