2400 3824
444 179 481 233 M.
502 178 648 232 Terentius
668 178 755 233 Virro
1043 177 1106 243 187

86 341 171 396 oeinio
190 342 280 408 operis
297 341 387 395 nostri
405 345 490 394 totum
510 341 662 394 derivatam
680 357 743 405 esse,
768 340 817 394 lioc
835 340 904 393 mibi
921 341 1032 395 omnino
1050 357 1108 395 non

82 412 224 480 persuasit
237 413 283 480 (cf.
296 411 387 477 Goeti,
402 413 477 466 Berl.
488 413 560 466 Pliil.
573 412 724 466 Woclisclir.
733 414 770 464 21
780 411 876 482 Jalirq.
887 415 958 464 1891
971 428 999 479 p.
1011 415 1107 480 1033);

86 500 252 551 quamquam
279 485 328 552 qui
353 485 508 553 Anqustini
533 483 694 552 excerpendi
720 483 855 536 rationem
881 484 958 536 norit
984 499 1019 536 nc
1046 500 1107 537 cnm

92 555 277 609 Wi'lmamnsio
302 555 409 623 quidem
437 556 596 620 commatici,
623 572 683 608 eum
712 553 783 608 illud
808 570 842 607 ex
869 553 984 608 dirersis
1010 554 1108 607 borani

85 627 217 680 librorum
233 627 362 695 partibus
380 627 619 681 consarcinaoisse.
651 625 718 694 quid
736 626 824 696 iqiliir
841 626 867 678 si
884 625 1056 680 admittimus
1074 641 1109 678 ex

86 699 156 752 libro
175 697 207 750 de
226 697 370 752 dialectica
388 697 612 766 Disciplinam
634 697 700 751 baec
722 695 856 763 fluxisse?
885 711 935 750 noi
954 697 1034 762 enim,
1060 698 1108 764 qni

84 770 294 838 promoraticam
313 769 456 835 officinam
479 770 509 821 in
533 769 658 823 munibus
683 769 816 822 Varronis
834 768 913 822 libris
931 767 1106 834 deprehendi·

84 856 155 905 mus,
174 841 257 910 lonqa
277 839 428 908 disputatio
448 840 481 893 de
499 840 667 910 etymoloqiis
685 841 768 893 buius
786 838 861 893 modi
878 840 909 891 in
927 839 997 892 libro
1016 841 1109 892 niiiius

86 928 169 979 quam
200 910 415 965 Wilmaansium
443 915 486 979 (p.
507 913 552 980 19)
585 911 744 977 offenderit,
780 926 863 979 aeque
891 927 924 963 ac
955 911 1108 980 sinqularis

85 998 244 1047 consensus,
272 998 349 1050 quein
377 983 532 1052 Arpusti'ni
559 982 665 1037 libellus
692 999 753 1036 cuin
781 981 860 1036 libris
885 981 929 1034 De
957 982 973 1034 l.
999 982 1108 1035 Latina

81 1054 204 1122 praebet,
222 1055 248 1106 si
265 1053 374 1121 quidem
392 1071 475 1122 quam
493 1070 573 1121 saepe
585 1054 674 1107 Varro
692 1055 724 1106 in
742 1053 856 1119 infinito
874 1052 1029 1107 studiorum
1048 1054 1107 1123 aqi·

86 1125 190 1178 tatione
209 1124 302 1177 eadem
320 1126 488 1192 exposuerit,
511 1127 583 1178 inter
606 1140 697 1178 manes
715 1129 828 1179 constat.
848 1123 920 1177 illud
938 1125 1011 1177 enim
1028 1125 1108 1178 nobis

84 1197 200 1264 pravius
222 1195 337 1261 ridetur,
360 1195 433 1263 quod
456 1197 611 1266 Auquslini'
633 1196 751 1260 libellus,
782 1195 826 1250 ‘de
848 1195 1007 1249 dialectica’
1036 1197 1107 1249 sicut

86 1267 310 1335 Disciplinarum
339 1267 405 1321 liber
432 1268 545 1335 quidam
573 1268 731 1335 inscriptus,
758 1268 790 1320 in
817 1267 943 1320 extremis
969 1266 1108 1335 capitibus

92 1338 217 1392 VII—X
229 1339 341 1406 proprie
351 1339 568 1407 pbilosopbicani
587 1339 799 1406 disputationem
818 1339 945 1404 continet,
964 1354 1108 1406 quaecum

85 1410 148 1462 item
174 1427 193 1462 a
217 1409 339 1463 Varrone
363 1410 509 1477 repetenda
536 1425 590 1464 esse
619 1409 758 1476 uideatur,
786 1427 805 1463 a
830 1410 899 1463 libro
929 1411 1108 1479 qrammatico

85 1481 194 1548 aliquid
217 1481 354 1545 abhorret,
387 1487 467 1548 atque
494 1482 656 1548 compluries
681 1497 742 1534 cuin
775 1483 938 1535 tractatione
966 1481 1109 1535 Martiani

87 1551 215 1619 Capellae
238 1553 265 1619 (l.
281 1555 308 1620 4)
327 1554 466 1621 conqruit,
487 1554 537 1620 qui
554 1551 778 1620 Disciplinarum
797 1552 875 1606 libris
886 1553 961 1605 'usus
978 1558 1023 1606 est.
1060 1552 1108 1606 sed

85 1639 147 1676 cum
165 1623 231 1676 baec
253 1624 310 1690 ipse
335 1623 491 1677 Wilmanns
513 1624 568 1677 sibi
590 1624 715 1677 obiecerit
736 1640 821 1691 neque
844 1629 935 1676 tamen
953 1623 1108 1693 Auqastini

86 1694 206 1747 libellum
225 1710 259 1747 ex
275 1700 355 1762 parte
368 1695 420 1748 linc
438 1696 537 1762 referre
551 1694 726 1759 dubitauerit,
744 1696 876 1764 qrooiora
890 1694 1020 1747 addenda
1033 1701 1105 1748 sulit.

85 1782 152 1818 nam
171 1767 347 1835 Auqustinus
368 1766 476 1820 nullum
500 1767 578 1820 nobis
602 1767 787 1835 sraqnientuin
806 1767 846 1818 vel
864 1767 953 1834 operis
972 1765 1016 1818 De
1035 1765 1051 1818 l.
1072 1764 1105 1818 L.

84 1836 126 1889 rel
150 1843 297 1890 ceterorum
319 1838 559 1906 qrammalicorum
580 1838 713 1892 librorum
733 1839 864 1902 semovit
840 1842 996 1904 t·praeter
1019 1853 1107 1889 unum

85 1907 159 1976 quod
187 1909 345 1962 Wilmanns
369 1915 445 1973 recte,
473 1915 505 1963 ut
529 1908 646 1973 ridetur,
674 1907 744 1963 libro
765 1909 857 1976 primo
883 1908 1108 1976 Disciplinarum

85 1979 241 2047 adscripsit
279 1980 351 2033 idem
374 1996 388 2032 e
410 1981 548 2034 contrario
559 1980 740 2056 Disciplinis
759 1980 893 2034 Varronis
911 1979 1023 2033 uberius
1041 1994 1108 2033 usas

85 2050 250 2118 est(Wilm.
261 2067 291 2119 p.
307 2053 362 2119 18).
383 2050 476 2105 debuit
492 2067 559 2105 sane
559 2043 662 2105 Varro
676 2057 791 2120 propter
809 2052 998 2121 copnationem
1015 2066 1106 2120 pani·

85 2123 255 2175 niatmaet
229 2128 255 2175 et
282 2122 440 2176 dialecticae
467 2122 560 2176 eadem
587 2124 619 2175 in
647 2123 726 2176 libris
753 2121 798 2176 De
823 2123 839 2175 l.
865 2121 899 2174 L
923 2127 1106 2189 pertractum

84 2192 132 2246 sed
151 2193 283 2260 quomodo
298 2199 483 2261 quatenusque
501 2194 531 2247 id
549 2195 651 2260 fecerit,
668 2195 810 2248 nescimus.
844 2195 925 2247 etiam
944 2193 976 2246 de
994 2193 1108 2260 reliquis

84 2264 257 2334 frequentis,
271 2281 341 2332 quae
353 2266 413 2318 sine
427 2266 506 2319 certis
519 2266 680 2320 testimoniis
690 2265 847 2319 Wilmanns
861 2265 940 2318 libris
949 2264 1111 2317 XI-XIII

85 2335 143 2400 fere
157 2337 250 2389 omnia
264 2336 425 2401 vindicarit,
440 2353 458 2389 a
472 2337 561 2391 tribus
574 2337 640 2390 aliis
650 2336 728 2390 libris
741 2337 878 2390 similibus
888 2336 943 2402 (De
957 2336 1016 2389 siri.
1027 2336 1107 2399 verb,

86 2406 131 2460 De
145 2407 205 2460 atil.
224 2423 315 2471 serm,
334 2406 403 2473 Περὶ
419 2410 544 2476 paonis.)
563 2423 605 2462 res
623 2407 730 2461 lubrica
748 2409 787 2474 fit,
801 2407 964 2475 praesertim
981 2423 1042 2459 cuni
1059 2406 1105 2460 lio-

85 2494 148 2531 rum
167 2477 245 2545 apud
263 2480 350 2532 solum
366 2479 522 2532 Obarisium
540 2481 670 2533 memoria
689 2484 766 2544 extet,
785 2481 864 2532 cuius
878 2479 967 2544 ipsius
981 2477 1107 2542 beneficio

80 2549 214 2618 pleraque
229 2550 373 2618 superiora
391 2551 550 2619 accepimus.
584 2551 676 2604 omitto
695 2551 767 2603 enim
784 2551 905 2618 primuni
924 2549 1024 2601 libram
1039 2548 1106 2601 Dis·

86 2620 265 2689 eiplinarum,
284 2621 335 2674 ubi
351 2622 416 2674 liaeo
434 2638 532 2675 rursus
548 2622 665 2675 strictim
683 2623 807 2690 exposita
819 2627 892 2675 sunt.
912 2620 1027 2673 alterari
1038 2635 1105 2686 par·

85 2697 147 2756 term
162 2691 212 2744 XI
215 2691 337 2744 V-XX
342 2693 373 2758 V,
387 2692 420 2746 de
434 2709 466 2746 ea
478 2709 547 2760 quae
561 2698 673 2746 iocatur
686 2693 813 2761 syntaxis
826 2693 912 2759 fnisse
922 2691 1106 2744 Wilrnannsio

85 2761 227 2817 adsentior
254 2765 417 2832 (p.193q.)3
445 2780 525 2831 eoque
553 2763 681 2818 libentius
709 2762 781 2832 quod
807 2765 936 2833 maqistcr
963 2762 1106 2827 Varronis,

85 2833 186 2887 Aelius
204 2833 282 2899 Stilo,
307 2836 356 2902 qui
374 2851 443 2903 opus
461 2836 505 2888 De
522 2834 674 2903 proloquiis
696 2836 822 2902 confecit,
846 2839 978 2903 quantam
1001 2834 1056 2887 rim
1075 2834 1107 2886 in

85 2907 145 2959 eius
163 2907 317 2959 doctrinam
339 2906 466 2960 babuerit
488 2906 545 2960 iam
563 2907 660 2959 melius
678 2906 826 2960 didicimus
848 2907 892 2974 (ef.
913 2906 1106 2970 Reitzenstein,

84 2976 152 3030 ibid.
168 2993 199 3045 p.
215 2979 340 3045 31-43).
365 2979 416 3031 isto
435 2977 507 3030 enini
526 2979 558 3031 in
579 2993 675 3048 ponere
692 2993 776 3045 neque
797 2977 928 3031 Muelleri
950 2978 1106 3031 coniectura

85 3048 174 3118 diqna
193 3055 230 3102 est
249 3065 319 3117 qnae
336 3054 497 3101 memoretur
515 3049 621 3116 (Wilm.
633 3065 664 3116 p.
679 3052 716 3101 37
725 3051 782 3117 sq),
801 3065 886 3117 neque
899 3050 1012 3102 meliora
1026 3049 1107 3102 Riese

85 3120 250 3189 excapitavit
268 3121 437 3187 (Hilotae.
453 3123 529 3173 1868
546 3137 576 3188 p.
591 3123 713 3188 295sq.).
749 3119 837 3188 quii?
863 3120 889 3173 si
912 3120 1043 3174 librorum
1063 3121 1105 3172 in·

84 3191 224 3245 coricirma
232 3191 341 3256 diomio,
357 3191 400 3243 VI
403 3193 435 3260 -l-
444 3191 487 3244 VI
492 3198 518 3245 et
527 3192 600 3256 XII,
615 3190 729 3244 domiin
738 3197 832 3256 moret,
841 3207 932 3245 nonne
941 3191 1006 3244 libri
1016 3190 1078 3243 XX
1084 3191 1110 3243 V

84 3279 178 3316 reruni
191 3262 263 3315 lnmn.
284 3264 315 3315 in
333 3262 557 3330 Antiquitatibus
575 3268 600 3316 et
619 3263 699 3315 XVI
713 3263 798 3316 dioin.
819 3261 1016 3330 opponuntur?
1136 3258 1140 3268 '

158 3370 247 3450 napis
265 3369 398 3422 intricata
416 3368 449 3422 de
468 3369 547 3423 libris
564 3369 602 3423 ad
616 3369 777 3438 Septimium
791 3375 816 3422 et
831 3367 983 3422 Cicerocum
998 3368 1110 3433 seriptis

79 3440 210 3508 quaestio
229 3445 282 3505 est‚·
301 3456 371 3507 quae
389 3441 504 3494 alteram
522 3440 737 3497 conuooersiam
756 3440 790 3496 de
809 3456 900 3506 anim,
916 3456 972 3507 qua
985 3440 1044 3490 bisi
1057 3449 1132 3498 “sib

83 3510 184 3562 edilriri
200 3512 243 3573 sil,
263 3511 444 3578 amplectitur.
474 3530 511 3569 ac
524 3517 657 3585 mimum
674 3515 746 3572 libri
766 3514 894 3570 Il-IV
914 3509 958 3565 ad
975 3502 1155 3572 Sepiimiiiiiu

70 3584 143 3629 &¹¹²0
163 3579 244 3632 mim
261 3587 331 3634 wli
352 3582 435 3652 (del.
456 3586 496 3643 L.
517 3594 590 3659 5,1.
611 3592 749 3662 7,1ο9);
776 3588 910 3658 indeque
933 3565 1177 3636 nominandum
