2400 3824
109 137 175 202 488
277 137 482 191 Grammaticae
502 137 604 191 aetatis
623 137 783 206 Augusteae
802 135 965 206 fragmenta

110 315 162 353 nec
185 299 211 352 ei
238 298 313 351 cedit
335 297 479 352 Modestus
505 297 680 363 inventione3
706 314 772 349 nam
795 296 862 364 quia
886 293 971 349 Caelo
992 293 1132 348 Saturnus

110 368 248 439 genitalia
266 369 431 437 absciderit,
455 368 509 422 hoc
528 369 641 421 nomine
661 367 820 436 appellatos
840 368 889 435 qui
907 381 996 420 uxore
1017 365 1133 419 careant

110 442 159 494 ait.
188 442 222 507 ef.
238 441 306 495 Ieid.
322 457 360 495 or.
376 446 420 507 10,
430 445 472 494 34.
502 442 741 510 Prise.p.18,10.
771 440 865 494 Albia.
880 439 949 494 crib.
962 454 992 505 p.
1008 441 1077 503 299,
1087 439 1130 490 27.

109 514 288 581 veriloquium
302 513 454 567 Stoicorum
468 514 672 580 principiorum
691 513 793 565 lamiae
807 512 994 566 Reitccasteiu
1008 509 1133 563 illustrat

110 586 163 652 (M.
187 584 245 638 Ter.
267 584 354 638 Varro
373 602 399 637 u.
419 584 478 637 Iob.
497 601 521 638 o.
542 583 684 638 Euchaita
698 601 728 652 p.
743 586 797 652 35).
836 582 868 636 de
893 581 984 636 Gavio
1011 580 1134 635 Modesti

110 662 218 710 audere
236 656 270 722 es.
286 658 367 709 etiam
385 657 422 722 fr.
436 660 461 708 4.

183 768 196 814 1
217 762 346 831 gavinius
365 764 489 817 Ambrae.
581 769 596 816 2
615 763 719 816 vacant
736 763 867 817 conuelli
884 761 962 816 codd.

571 918 590 972 r
615 908 663 992 [e]

179 1038 291 1099 Gavius
314 1039 426 1099 Bassus
450 1039 481 1096 in
505 1041 725 1098 commentariis
748 1039 823 1112 suis,
850 1040 923 1096 item
948 1038 1047 1097 Iulius
1071 1038 1133 1097 Mo-

112 1129 212 1187 destus
240 1131 271 1186 in
299 1129 426 1188 secundo
455 1130 664 1204 quaestionum
691 1129 881 1186 confusarum
910 1127 1074 1186 historiam
1098 1127 1133 1184 de

113 1237 188 1294 equo
211 1217 318 1276 Seiano
343 1218 468 1276 tradunt
491 1218 613 1295 dignam
635 1219 779 1276 memoria
802 1219 893 1292 atque
918 1216 1133 1275 admiratione:

114 1305 249 1366 Gnaeum
270 1306 371 1366 Seium
392 1309 561 1383 quempiam
585 1306 712 1365 scribam
735 1306 827 1365 fuisse
846 1324 973 1380 eumque
991 1305 1133 1365 babuisse

86 1412 224 1471 aequum
251 1400 355 1456 natum
379 1395 468 1473 Argis
490 1398 523 1454 in
547 1398 627 1454 terra
650 1394 783 1470 Graecia,
813 1395 850 1453 de
873 1413 931 1470 quo
955 1395 1042 1453 fama
1065 1413 1132 1454 eon·

113 1489 195 1543 stans
214 1489 299 1558 esset,
322 1489 478 1561 tamquam
497 1484 532 1543 de
556 1504 663 1562 genere
682 1504 825 1560 equorum
848 1485 1027 1560 progenitus
1046 1485 1133 1557 foret,

114 1576 167 1650 qui
185 1573 339 1632 Diomedis
357 1574 479 1632 Thracis
502 1574 638 1647 fuissent,
662 1593 737 1648 quos
755 1573 898 1632 Hercules
917 1572 1065 1631 Diomede
1087 1591 1133 1630 oc·

114 1663 173 1722 uiso
189 1682 204 1720 e
219 1664 346 1722 Thracia
360 1663 458 1740 Argos
477 1663 669 1738 perduxisset.
708 1682 776 1721 eum
795 1682 902 1737 equum
916 1661 1010 1722 fuisse
1030 1662 1136 1720 dicunt

114 1752 320 1830 magnitudine
352 1753 522 1826 invisitata,
559 1754 672 1811 cervice
705 1752 814 1826 ardua,
851 1752 947 1810 colore
980 1751 1135 1826 poeniceo,

74 1857 99 1897 ro
114 1842 188 1901 flora
212 1844 242 1900 et
266 1842 396 1899 comanti
419 1841 489 1899 iuba
513 1841 708 1916 omnibusque
732 1841 800 1900 aliis
824 1858 968 1916 equorum
991 1839 1134 1899 laudibus

115 1920 232 2006 quoque
260 1931 348 2007 longe
371 1930 571 2006 praestitisse3
599 1930 649 1988 sed
673 1930 798 1988 eundem
823 1948 932 2005 equum
956 1929 1013 1986 tali
1042 1929 1135 1988 tuisse

114 2021 177 2078 fato
202 2021 264 2079 sive
287 2019 408 2077 fortuna
430 2021 545 2093 ferunt,
572 2023 606 2077 ut
629 2019 764 2095 quisquis
791 2017 914 2078 haberet
941 2038 1011 2076 eum
1040 2020 1134 2095 possi-

116 2109 265 2183 deretque,
283 2112 318 2167 ut
331 2110 357 2168 is
373 2111 535 2166 cumomni
550 2108 636 2166 domo
652 2109 770 2166 familia
788 2107 976 2182 fortunisque
996 2108 1136 2166 omnibus

116 2197 176 2256 suis
209 2198 248 2255 ad
279 2197 511 2256 internecionem
543 2197 698 2272 deperiret.
749 2197 851 2272 itaque
882 2197 1015 2272 primum
1049 2197 1135 2255 illum

75 2301 99 2340 rs
117 2285 250 2344 Gnaeum
275 2287 376 2345 Seium
404 2285 555 2344 dominum
584 2288 647 2344 eius
670 2305 689 2344 a
711 2287 750 2345 M.
774 2285 916 2358 Antonio,
946 2286 1001 2360 qui
1029 2289 1135 2361 postea

115 2376 307 2434 triumvirum
339 2374 520 2451 reipublicae
553 2375 778 2433 constituendae
808 2373 879 2448 fuit,
912 2373 1022 2450 capitis
1054 2375 1136 2432 dam-

115 2469 220 2522 natum
243 2464 411 2523 miserando
435 2463 582 2539 supplicio
606 2451 746 2522 affectum
769 2481 844 2538 esse3
872 2463 976 2521 eodem
1000 2465 1138 2540 tempore

118 2551 287 2612 Cornelium
310 2552 498 2611 Dolabellam
522 2553 675 2612 consulem
697 2554 729 2610 in
754 2552 871 2629 Syriam
895 2550 1136 2628 proficiscentem

116 2642 196 2700 fama
224 2645 311 2701 istius
339 2643 408 2716 equi
436 2641 598 2700 adductum
620 2641 718 2719 Argos
746 2641 907 2700 devertisse
935 2641 1138 2718 cupidineque

76 2731 247 2789 rehabendi
277 2733 341 2789 eius
372 2731 513 2789 exarsisse
546 2733 709 2805 emisseque
740 2750 807 2789 eum
836 2730 981 2790 sestertiis
1014 2735 1136 2790 centum

118 2819 251 2893 milibus3
284 2820 335 2878 sed
366 2822 464 2895 ipsum
498 2839 616 2896 quoque
648 2819 837 2878 Dolabellam
867 2819 900 2875 in
934 2817 1024 2894 Syria
1058 2820 1136 2879 bello

119 2907 200 2964 civili
215 2907 365 2967 obsessum
385 2912 474 2984 atque
493 2910 684 2967 interfectum
698 2926 774 2981 esse3
792 2926 861 2966 mox
875 2907 1003 2966 eundem
1017 2927 1138 2986 equum,

64 3068 65 3071 Ἴ
119 2997 170 3070 qui
184 2996 358 3055 Dolabellae
372 2999 479 3070 fuerat,
495 2996 525 3056 Ο.
539 2996 684 3071 Gessium,
699 2999 753 3072 qui
765 2995 954 3056 Dolabellam
969 2997 1140 3071 obsederat,

118 3084 283 3144 abduxisse.
330 3104 398 3144 eum
430 3085 565 3145 Gessium
596 3090 700 3162 postea
730 3086 803 3145 satis
832 3088 938 3144 notum
970 3090 1018 3146 est
1048 3088 1141 3148 victis

78 3193 103 3233 es
117 3174 253 3249 partibus
276 3175 401 3249 fusoque
425 3177 555 3234 exercitu
579 3194 631 3234 suo
654 3177 794 3234 miseram
820 3176 948 3233 mortem
972 3180 1143 3252 oppetisse;

119 3262 224 3321 deinde
242 3266 311 3339 post
328 3263 494 3322 Antonium
513 3267 582 3339 post
603 3263 760 3322 interitum
780 3262 874 3323 Gassii
896 3265 988 3338 parta
1008 3265 1144 3326 victoria

118 3371 227 3427 equum
251 3353 338 3410 illum
360 3353 491 3411 nobilem
511 3352 606 3412 Cassii
628 3354 787 3428 requisisse
810 3355 849 3428 et,
872 3371 940 3411 cum
961 3371 998 3413 eo
1021 3359 1143 3430 potitus

114 3445 199 3522 esset,
219 3444 321 3524 ipsum
341 3462 462 3524 quoque
479 3447 589 3521 postea
603 3442 721 3501 uictum
734 3445 825 3514 atque
836 3441 989 3500 desertum
1008 3443 1142 3505 demeta-

104 3531 161 3597 tili
186 3540 283 3603 exitio
310 3539 469 3602 interisse.
504 3535 583 3596 hinc
602 3528 805 3610 prouerbium
823 3526 861 3581 de
873 3525 1056 3582 *nominibus
1074 3533 1153 3585 sma-
