2400 3824
438 218 474 276 M.
494 220 640 275 Terentius
659 218 747 275 Varro
1033 220 1098 288 335

83 390 215 449 monium
242 409 333 450 uxore
360 391 422 449 filia
449 391 587 450 Numenii
610 388 732 450 Otacilii
754 390 957 450 Maleventuni
985 391 1039 451 sub
1063 413 1097 453 eo

82 483 179 556 pecto,
206 483 241 539 ut
264 499 352 557 quem
376 480 503 556 primurn
527 481 621 539 filium
646 481 824 554 sustulisset,
847 480 875 539 ei
897 484 1025 541 materni
1048 485 1124 541 evin

81 589 261 644 praenomen
283 572 448 646 inponeret,
472 570 696 646 obtemperavit.

152 670 173 722 Ι
175 670 228 723 bid.
241 673 587 732 tumens-onnmperane
596 686 713 738 prorem
722 670 814 724 eadem
824 669 923 724 Foetes
930 687 958 738 p.
966 669 1096 736 170²’,32¹

81 741 113 794 de
132 757 160 794 re
179 742 213 807 cs.
231 741 345 807 fr.107,
364 742 397 794 de
412 742 533 796 Varrone
551 747 661 796 auctore
679 740 717 795 ad
734 742 770 808 fr.
786 744 846 796 323.

154 854 167 899 1
187 848 307 901 numerii
362 855 378 901 4
398 848 506 901 numeri
526 846 645 901 iotneilii
701 853 717 900 ὁ
737 848 781 901 uvi
801 847 857 902 eod.
877 851 945 902 m.2
964 850 1013 901 unt
1032 866 1065 901 m.
1081 853 1096 900 1

555 1020 621 1076 337

147 1141 251 1218 Opiter
274 1145 326 1217 qui
349 1145 433 1218 putre
457 1145 583 1218 mortuo,
608 1162 663 1201 nvo
687 1143 756 1203 vivo
780 1143 966 1221 gignebatur.

150 1241 171 1293 I
174 1242 227 1294 bid.
242 1246 259 1295 4
278 1254 355 1303 opnor
368 1273 395 1280 -
408 1255 548 1306 signanum.
568 1242 650 1296 Paul.
665 1242 739 1297 Fert.
754 1259 784 1311 p.
804 1246 868 1308 184,
883 1247 919 1296 10
937 1241 1036 1312 Opiter
1054 1243 1098 1295 eet

79 1313 158 1365 cuiue
181 1316 263 1381 puter
287 1330 337 1366 avo
361 1313 424 1366 vivo
448 1315 574 1367 mortuus
598 1316 641 1366 eet
665 1314 749 1368 ducto
773 1313 922 1382 vocabulo,
949 1316 999 1367 eut
1021 1314 1096 1382 quod

79 1383 160 1437 obitu
178 1384 268 1452 patrie
287 1383 400 1455 genitus
419 1383 464 1451 eit,
490 1387 540 1438 uut
559 1385 634 1454 quod
657 1402 741 1438 avum
760 1385 795 1439 ob
814 1388 924 1453 patrem
942 1385 1047 1439 hubent
1067 1385 1098 1438 id

79 1458 122 1508 eet
139 1472 190 1523 pro
209 1459 296 1524 putre.
330 1457 365 1523 ef.
384 1456 476 1526 Quint.
492 1461 518 1522 1,
528 1461 554 1523 4,
562 1460 608 1511 25.
630 1455 715 1511 OGL
735 1456 778 1510 VI
793 1461 838 1512 25.
871 1457 906 1524 ef.
925 1458 963 1512 ad
979 1458 1016 1524 fr.
1032 1460 1095 1512 323.

150 1563 302 1616 vocabatur
321 1570 384 1618 ante
402 1563 450 1630 qui
470 1564 534 1618 add.
556 1564 637 1618 Gertz

553 1735 620 1792 338

145 1857 234 1916 Publi
265 1852 447 1936 [iudicantur
465 1849 546 1940 dieti]
579 1859 632 1934 qui
658 1860 742 1934 prius
772 1858 882 1935 pupilli
908 1858 981 1918 faeti
1009 1860 1095 1917 erent

78 1966 169 2022 quam
197 1949 392 2023 praenomina
418 1946 573 2023 haberent,
603 1941 626 2026 Τ
650 1948 703 2007 alii
726 1949 833 2008 ominis
857 1966 947 2007 causa
971 1969 985 2005 e
1008 1948 1095 2024 pube.

149 2048 169 2099 Ι
171 2047 225 2100 bid.
242 2050 259 2100 5
277 2061 343 2101 Puun
356 2079 383 2086 —
397 2073 408 2101 e
422 2063 487 2110 pune.
515 2047 550 2114 ef.
570 2047 607 2102 ud
625 2047 661 2114 fr.
676 2050 738 2102 323.

149 2159 164 2206 2
185 2153 246 2226 alii]
266 2156 316 2207 eut
337 2154 417 2209 Gertz
435 2161 504 2210 reete
521 2160 553 2209 ut
571 2155 679 2208 videtur

552 2327 618 2383 339

144 2448 245 2507 Sertor
268 2451 321 2524 qui
343 2467 397 2524 per
420 2450 565 2508 sationem
588 2451 678 2508 nutus
702 2451 767 2507 erat
790 2448 959 2524 adpelletus
983 2451 1035 2506 est.

148 2548 223 2601 Ibid.
239 2551 255 2600 4
274 2561 349 2602 sertor
362 2579 389 2586 —
403 2565 441 2602 ert.
464 2549 536 2602 Fest.
551 2566 581 2618 p.
597 2548 678 2614 340b,
692 2551 730 2603 22
749 2546 889 2601 Sertorem
908 2546 1024 2614 quidum
1043 2564 1093 2615 pu-

75 2622 139 2671 tent
159 2618 265 2672 dietum
285 2637 302 2672 n
319 2620 495 2687 prendend0‚
519 2619 586 2688 quie
610 2636 673 2673 eum
697 2619 820 2686 cuipiam
839 2618 952 2672 adserat
970 2635 1093 2684 manum,

75 2690 214 2744 educendi
240 2690 300 2744 eine
323 2691 417 2759 gretie
445 2707 478 2744 ex
502 2691 635 2744 servitute
658 2690 688 2743 in
711 2690 885 2756 libertatem,
912 2691 1025 2743 vocetur
1044 2689 1094 2742 ud·

75 2765 173 2822 sertor.
189 2780 251 2816 num
265 2761 444 2815 verisimilius
459 2762 497 2816 eit
507 2762 622 2832 dietum,
637 2761 685 2829 qui
696 2764 800 2816 sereret
810 2761 886 2830 quid.
897 2761 931 2828 ef.
943 2761 980 2814 ad
988 2761 1093 2827 sr.323.

551 2935 616 2991 340

144 3055 263 3114 Servius
287 3056 367 3132 quod
389 3060 508 3116 mortua
530 3061 625 3118 matre
648 3059 680 3116 in
703 3060 788 3116 utero
812 3059 947 3116 servatus
970 3059 1026 3115 est.

149 3156 225 3209 Ibicl.
241 3159 258 3209 6
276 3168 365 3210 Servius
379 3188 405 3196 —
419 3175 458 3212 eet.
485 3158 520 3224 ef.
540 3157 578 3212 ad
595 3159 632 3225 fr.
647 3161 710 3212 323.

550 3311 614 3368 341

145 3431 246 3508 Spurii
269 3436 355 3509 petre
378 3433 491 3492 incerto
514 3435 608 3511 geniti
631 3435 718 3509 quusi
740 3431 901 3512 σποράδην.

132 3531 224 3588 [bid.
240 3535 257 3585 6
275 3544 350 3594 Spurll
364 3563 390 3570 -
405 3550 473 3600 σπορ.
502 3531 536 3598 es.
556 3531 594 3586 ad
611 3531 647 3598 fr.
663 3535 725 3586 323.

143 3637 327 3693 ΟΠΟΡΑΔΙΙε
346 3657 394 3694 em.
418 3639 501 3697 Gertz
520 3641 597 3698 -ὃιοι
617 3641 710 3699 Halm
