2400 3824
137 186 203 251 282
287 186 491 242 Grammaticus
511 187 613 241 aetatis
632 187 823 242 Varronianus
841 187 1001 257 fragmenta

135 358 294 414 autumant
323 388 368 396 -
397 355 514 414 nullum
544 375 607 415 esse
637 356 761 415 verbum
791 358 874 415 cuius
904 375 965 415 non
995 359 1079 415 certa
1107 375 1154 415 ex-

133 445 240 521 plicari
263 447 347 522 origo
370 445 479 520 possit3
503 449 533 504 et
556 445 706 520 quiahoc
729 445 816 504 modo
841 464 890 504 eos
913 463 1041 523 urguere
1066 445 1153 504 facile

132 534 200 607 fuit,
228 536 254 592 si
277 533 388 593 diceres
415 534 472 593 hoc
493 533 645 592 infinitum
668 552 739 608 esse,
770 533 878 609 quibus
901 533 1000 594 verbis
1025 534 1152 594 alicuius

133 622 217 682 verbi
249 624 396 700 originem
427 624 648 699 interpretaris„
685 642 787 682 eorum
818 641 922 682 rursus
955 641 973 681 a
1004 627 1036 682 te
1070 625 1153 701 origo

80 732 119 772 rso
133 707 320 789 (quaeritur,
357 713 403 770 illi
435 712 542 771 docent
577 712 633 770 hoc
669 711 785 770 tamdiu
817 706 1045 790 quaeren>dum
1082 731 1153 785 esse,

133 801 226 859 donec
261 801 453 876 perveniatur
490 820 525 860 eo
559 805 594 860 ut
628 820 676 860 res
714 820 779 860 cum
817 820 889 860 sono
925 800 1010 860 verbi
1049 801 1153 876 aliqua

132 890 328 948 similitudine
366 890 515 964 concinat,
552 893 587 949 ut
620 909 685 948 cum
723 891 848 949 dicimus
884 889 961 949 aeris
997 890 1153 964 tinnitum,
1190 909 1193 918 ·

132 998 276 1053 equorum
303 980 467 1053 hinnitum,
498 981 598 1038 ovium
627 979 775 1053 balatum,
804 970 944 1038 tubarum
972 979 1153 1057 clangorem,

133 1068 291 1126 stridorem
327 1071 509 1126 catenarum.
573 1068 716 1143 perspicis
754 1069 833 1126 enim
869 1068 941 1127 haec
978 1067 1073 1127 verba
1110 1071 1153 1128 ita

80 1176 118 1215 ras
133 1175 251 1231 sonare,
283 1159 318 1215 ut
344 1159 427 1232 ipsae
455 1175 502 1216 res
530 1176 607 1232 quae
634 1157 680 1216 his
708 1156 806 1216 verbis
834 1157 1050 1234 significantur.
1103 1158 1153 1217 sed

133 1248 205 1320 quia
238 1248 308 1304 sunt
339 1265 385 1304 res
418 1264 494 1321 quae
527 1265 587 1304 non
619 1250 741 1320 sonant,
781 1247 814 1304 in
845 1247 892 1305 his
925 1245 1153 1305 similitudinem

132 1338 232 1393 tactus
262 1335 374 1408 valere,
406 1338 441 1393 ut
468 1337 494 1393 si
521 1336 628 1393 leniter
651 1334 699 1394 vel
730 1353 833 1409 aspere
863 1353 980 1394 sensum
1012 1338 1151 1412 tangimt,

133 1423 241 1482 lenitas
259 1425 309 1481 vel
332 1425 478 1500 asperitas
501 1424 670 1483 litterarum
694 1427 729 1482 ut
752 1423 853 1501 tangit
876 1424 1024 1498 auditum,
1048 1425 1151 1484 siccis

132 1515 254 1571 nomina
267 1514 426 1588 pepererit,
444 1516 479 1571 ut
497 1515 596 1589 ipsum
614 1513 680 1570 lene
699 1531 767 1570 cum
785 1513 911 1572 dicimus
925 1512 1037 1572 leniter
1055 1515 1151 1573 sonat

79 1602 198 1676 nmquis
235 1603 344 1660 iterum
381 1602 571 1678 asperitatem
604 1621 664 1660 non
697 1604 727 1660 et
758 1604 824 1677 ipso
856 1603 975 1660 nomine
1013 1620 1151 1679 asperam

132 1689 267 1749 iudicet?
303 1691 368 1749 lene
392 1695 436 1749 est
459 1690 580 1750 auribus
603 1709 670 1748 cum
689 1691 814 1750 dicimus
837 1692 988 1766 voluptaS,
1013 1710 1151 1767 asperum

132 1799 199 1837 cum
227 1779 353 1839 dicimus
378 1799 458 1838 crux.
504 1783 549 1839 ita
572 1798 618 1838 res
641 1781 724 1855 ipsae
753 1779 890 1838 afficiunt
912 1784 947 1839 ut
969 1780 1063 1839 verba
1088 1799 1151 1840 sen-

131 1869 255 1927 tiuntur.
293 1869 361 1943 mel,
385 1887 476 1944 quam
499 1869 632 1928 suaviter
653 1874 773 1946 gustum
792 1888 838 1928 res
857 1871 932 1944 ipsa,
955 1872 1020 1928 tam
1042 1869 1152 1928 leniter

131 1959 250 2016 nomine
268 1958 368 2035 tangit
387 1959 538 2032 auditum3
558 1977 625 2016 acre
645 1957 676 2015 in
695 1960 824 2032 utroque
844 1977 983 2034 asperum
1002 1961 1062 2034 est,
1082 1959 1151 2017 lana

78 2066 117 2104 145
133 2050 163 2105 et
190 2065 294 2122 vepres
323 2049 357 2105 ut
387 2047 551 2106 audiuntur
577 2046 669 2106 verba
698 2048 741 2105 sic
767 2047 822 2105 illa
851 2049 1026 2124 tanguntur.
1078 2048 1151 2107 haec

132 2137 220 2210 quasi
239 2136 385 2194 cunabula
399 2135 558 2194 verborum
572 2154 634 2195 osse
649 2136 846 2208 crediderunt,
864 2137 917 2194 ubi
932 2155 1035 2196 sensus
1050 2157 1151 2196 rerum

131 2244 198 2282 cum
222 2243 360 2282 sonorum
389 2243 477 2285 sensu
505 2225 705 2284 concordaret.
751 2225 821 2283 hinc
844 2225 883 2282 ad
912 2225 1048 2301 ipsarum
1072 2228 1151 2284 inter

131 2332 161 2371 se
188 2333 288 2371 rerum
318 2314 546 2373 similitudinem
577 2315 753 2390 processisse
782 2314 936 2372 licentiam
965 2308 1150 2388 nominandi,

129 2405 165 2460 ut
188 2421 255 2461 cum
277 2402 361 2461 verbi
384 2421 474 2461 causa
497 2422 568 2463 crux
591 2407 749 2479 propterea
773 2402 853 2462 dicta
876 2403 924 2477 sit,
950 2403 1031 2479 quod
1055 2405 1150 2481 ipsius

77 2509 116 2549 rso
130 2492 214 2551 verbi
242 2494 387 2567 asperitas
416 2510 482 2550 cum
509 2492 621 2551 doloris
649 2511 737 2566 quem
765 2510 835 2550 crux
863 2491 956 2550 efficit
986 2494 1150 2568 asperitate

130 2581 296 2654 concordet,
326 2599 413 2639 crura
439 2585 542 2640 tamen
568 2599 628 2640 non
656 2583 779 2657 propter
806 2580 1000 2656 asperitatem
1028 2581 1151 2656 doloris,

129 2670 181 2728 sed
204 2669 284 2744 quod
311 2670 500 2747 longitudine
527 2672 618 2744 atque
645 2669 754 2728 duritie
781 2671 862 2728 inter
888 2670 1022 2730 membra
1050 2673 1151 2730 cetera

129 2757 190 2816 sint
216 2759 299 2836 ligno
323 2759 478 2833 similiora,
509 2761 550 2818 sic
574 2759 727 2834 appellata
751 2762 829 2818 sunt.
874 2758 943 2817 inde
967 2758 1007 2817 ad
1030 2759 1149 2820 abusio·

128 2866 197 2905 nem
228 2850 364 2921 ventum,
396 2851 432 2906 ut
463 2852 623 2923 usurpetur
654 2867 761 2907 nomen
793 2866 853 2906 non
882 2847 926 2906 rei
958 2847 1068 2908 similis
1098 2849 1150 2907 sed

75 2954 115 2994 iss
129 2936 215 3010 quasi
242 2936 366 2995 vicinae.
412 2937 485 3011 quid
513 2939 592 2995 enim
615 2936 711 2994 simile
739 2935 830 2996 habet
852 2936 1034 3014 significatio
1063 2939 1150 3014 parvi

128 3027 159 3081 et
181 3025 299 3099 minuti,
322 3043 391 3083 cum
413 3028 509 3100 possit
526 3045 654 3100 parvum
677 3044 748 3101 esse,
779 3025 858 3100 quod
876 3044 936 3085 non
958 3027 1049 3085 modo
1072 3027 1149 3086 nihil

127 3113 277 3171 minutum
301 3113 340 3171 sit
367 3114 419 3172 sed
446 3114 562 3189 aliquid
586 3116 677 3172 etiam
701 3112 851 3174 creverit?
896 3115 1022 3174 dicimus
1046 3120 1149 3175 tamen

127 3205 250 3277 propter
264 3203 414 3278 quandam
428 3203 614 3261 vicinitatem
632 3204 781 3262 minutum
794 3223 849 3279 pro
863 3223 965 3279 parvo.
1004 3205 1057 3264 sed
1075 3206 1148 3265 haec

128 3290 233 3354 abusio
262 3291 401 3350 vocabuli
430 3293 462 3349 in
493 3295 642 3368 potestate
672 3292 822 3368 loquentis
852 3296 912 3368 est,
946 3292 1039 3353 habet
1069 3296 1147 3354 enim

58 3397 248 3454 1601)an
275 3384 310 3442 ut
333 3384 489 3444 minutum
511 3402 574 3444 non
596 3380 686 3440 dicat.
727 3381 809 3440 illud
830 3383 927 3458 msps
954 3383 1087 3457 pertinet
1111 3383 1148 3443 ad

99 3467 135 3526 id
161 3473 247 3548 quod
272 3495 358 3538 nunc
382 3477 532 3539 volumus
557 3473 736 3548 ostendere,
761 3469 846 3544 quod
863 3485 934 3524 cum
948 3470 1069 3539 pucina
1083 3472 1154 3526 dxci·

87 3560 143 3616 illl*
166 3565 201 3623 in
237 3567 380 3651 balneiS,
418 3574 454 3634 in
482 3591 549 3651 qua
578 3567 721 3647 piscium
746 3557 831 3617 nln'nl
856 3555 900 3610 sit
922 3550 1063 3620 minumus
1084 3551 1185 3604 simius
