<?xml version="1.0" encoding="UTF-8"?>
<!DOCTYPE html PUBLIC "-//W3C//DTD XHTML 1.0 Transitional//EN"
    "http://www.w3.org/TR/xhtml1/DTD/xhtml1-transitional.dtd">
<html xmlns="http://www.w3.org/1999/xhtml" xml:lang="en" lang="en">
 <head>
  <title>
</title>
<meta http-equiv="Content-Type" content="text/html;charset=utf-8" />
  <meta name='ocr-system' content='tesseract 3.04.00' />
  <meta name='ocr-capabilities' content='ocr_page ocr_carea ocr_par ocr_line ocrx_word'/>
</head>
<body>
  <div class='ocr_page' id='page_1' title='image "./grammaticaeroma02funagoog_0397.png"; bbox 0 0 2400 3824; ppageno 0'>
   <div class='ocr_carea' id='block_1_1' title="bbox 128 147 992 218">
    <p class='ocr_par' dir='ltr' id='par_1_1' title="bbox 128 147 992 218">
     <span class='ocr_line' id='line_1_1' title="bbox 128 147 992 218; baseline -0.007 -10"><span class='ocrx_word' id='word_1_1' title='bbox 128 149 193 216; x_wconf 76' lang='lat'>362</span> <span class='ocrx_word' id='word_1_2' title='bbox 275 149 482 205; x_wconf 82' lang='lat' dir='ltr'>Grammaticae</span> <span class='ocrx_word' id='word_1_3' title='bbox 501 148 602 203; x_wconf 81' lang='lat' dir='ltr'>aetatis</span> <span class='ocrx_word' id='word_1_4' title='bbox 621 148 813 202; x_wconf 71' lang='lat' dir='ltr'><strong>varronianae</strong></span> <span class='ocrx_word' id='word_1_5' title='bbox 831 147 992 218; x_wconf 81' lang='lat' dir='ltr'>fragmenta</span> 
     </span>
    </p>
   </div>
   <div class='ocr_carea' id='block_1_2' title="bbox 124 307 1146 520">
    <p class='ocr_par' dir='ltr' id='par_1_2' title="bbox 124 307 1146 520">
     <span class='ocr_line' id='line_1_2' title="bbox 125 307 1146 378; baseline -0.006 -12"><span class='ocrx_word' id='word_1_6' title='bbox 125 328 158 366; x_wconf 92' lang='lat' dir='ltr'>eo</span> <span class='ocrx_word' id='word_1_7' title='bbox 168 311 294 365; x_wconf 86' lang='lat' dir='ltr'>funiculo</span> <span class='ocrx_word' id='word_1_8' title='bbox 304 311 380 366; x_wconf 80' lang='lat' dir='ltr'>facto</span> <span class='ocrx_word' id='word_1_9' title='bbox 390 327 486 364; x_wconf 87' lang='lat' dir='ltr'>carum</span> <span class='ocrx_word' id='word_1_10' title='bbox 496 309 618 378; x_wconf 82' lang='lat' dir='ltr'>vestigia</span> <span class='ocrx_word' id='word_1_11' title='bbox 628 309 704 377; x_wconf 91' lang='lat' dir='ltr'>quod</span> <span class='ocrx_word' id='word_1_12' title='bbox 715 309 766 364; x_wconf 88' lang='lat' dir='ltr'>ubi</span> <span class='ocrx_word' id='word_1_13' title='bbox 780 324 813 361; x_wconf 84' lang='lat' dir='ltr'>ea</span> <span class='ocrx_word' id='word_1_14' title='bbox 822 307 948 377; x_wconf 82' lang='lat' dir='ltr'>figebant</span> <span class='ocrx_word' id='word_1_15' title='bbox 962 307 1146 376; x_wconf 87' lang='lat' dir='ltr'>appellarunt</span> 
     </span>
     <span class='ocr_line' id='line_1_3' title="bbox 124 382 1144 450; baseline -0.005 -13"><span class='ocrx_word' id='word_1_16' title='bbox 124 383 255 437; x_wconf 87' lang='lat' dir='ltr'>funalia&#39;.</span> <span class='ocrx_word' id='word_1_17' title='bbox 278 385 313 450; x_wconf 78' lang='lat' dir='ltr'>cf.</span> <span class='ocrx_word' id='word_1_18' title='bbox 324 385 361 436; x_wconf 81' lang='lat' dir='ltr'>id.</span> <span class='ocrx_word' id='word_1_19' title='bbox 372 384 448 437; x_wconf 75' lang='lat' dir='ltr'>Dara</span> <span class='ocrx_word' id='word_1_20' title='bbox 461 388 503 448; x_wconf 87' lang='lat'>11,</span> <span class='ocrx_word' id='word_1_21' title='bbox 514 385 574 436; x_wconf 89' lang='grc'><strong><em>143.</em></strong></span> <span class='ocrx_word' id='word_1_22' title='bbox 596 382 665 436; x_wconf 81' lang='lat' dir='ltr'>Isid.</span> <span class='ocrx_word' id='word_1_23' title='bbox 676 397 714 434; x_wconf 90' lang='lat' dir='ltr'>or.</span> <span class='ocrx_word' id='word_1_24' title='bbox 727 386 769 445; x_wconf 88' lang='lat'>11,</span> <span class='ocrx_word' id='word_1_25' title='bbox 778 384 806 444; x_wconf 82' lang='lat'>2,</span> <span class='ocrx_word' id='word_1_26' title='bbox 817 384 859 432; x_wconf 86' lang='grc'>34.</span> <span class='ocrx_word' id='word_1_27' title='bbox 877 385 920 446; x_wconf 89' lang='grc'>19,</span> <span class='ocrx_word' id='word_1_28' title='bbox 930 384 956 445; x_wconf 98' lang='grc'>4,</span> <span class='ocrx_word' id='word_1_29' title='bbox 967 385 990 433; x_wconf 90' lang='grc'>1.</span> <span class='ocrx_word' id='word_1_30' title='bbox 1005 383 1053 445; x_wconf 83' lang='grc'>20,</span> <span class='ocrx_word' id='word_1_31' title='bbox 1064 384 1109 444; x_wconf 91' lang='grc'>10,</span> <span class='ocrx_word' id='word_1_32' title='bbox 1120 383 1144 433; x_wconf 88' lang='lat'>5.</span> 
     </span>
     <span class='ocr_line' id='line_1_4' title="bbox 125 451 1143 520; baseline -0.007 -10"><span class='ocrx_word' id='word_1_33' title='bbox 125 456 276 510; x_wconf 72' lang='grc'><strong><em>11111.</em></strong></span> <span class='ocrx_word' id='word_1_34' title='bbox 296 455 377 508; x_wconf 77' lang='lat' dir='ltr'>andr.</span> <span class='ocrx_word' id='word_1_35' title='bbox 395 460 419 519; x_wconf 89' lang='lat'>1,</span> <span class='ocrx_word' id='word_1_36' title='bbox 435 460 459 520; x_wconf 88' lang='lat'>1,</span> <span class='ocrx_word' id='word_1_37' title='bbox 473 458 508 508; x_wconf 89' lang='grc'>81</span> <span class='ocrx_word' id='word_1_38' title='bbox 517 453 534 505; x_wconf 91' lang='lat'>¹.</span> <span class='ocrx_word' id='word_1_39' title='bbox 554 457 600 507; x_wconf 88' lang='grc'>88.</span> <span class='ocrx_word' id='word_1_40' title='bbox 622 458 683 507; x_wconf 92' lang='grc'><strong><em>100.</em></strong></span> <span class='ocrx_word' id='word_1_41' title='bbox 717 453 797 506; x_wconf 82' lang='lat' dir='ltr'>aliter</span> <span class='ocrx_word' id='word_1_42' title='bbox 816 453 897 506; x_wconf 82' lang='lat' dir='ltr'>Paul.</span> <span class='ocrx_word' id='word_1_43' title='bbox 920 451 992 506; x_wconf 74' lang='lat' dir='ltr'>Fert.</span> <span class='ocrx_word' id='word_1_44' title='bbox 1009 468 1040 519; x_wconf 77' lang='lat' dir='ltr'>p.</span> <span class='ocrx_word' id='word_1_45' title='bbox 1056 455 1103 516; x_wconf 88' lang='grc'>84,</span> <span class='ocrx_word' id='word_1_46' title='bbox 1119 456 1143 504; x_wconf 85' lang='grc'>0.</span> 
     </span>
    </p>
   </div>
   <div class='ocr_carea' id='block_1_3' title="bbox 598 606 663 663">
    <p class='ocr_par' dir='ltr' id='par_1_3' title="bbox 598 606 663 663">
     <span class='ocr_line' id='line_1_5' title="bbox 598 606 663 663; baseline 0 -1"><span class='ocrx_word' id='word_1_47' title='bbox 598 606 663 663; x_wconf 87' lang='grc'>429</span> 
     </span>
    </p>
   </div>
   <div class='ocr_carea' id='block_1_4' title="bbox 123 709 1142 968">
    <p class='ocr_par' dir='ltr' id='par_1_4' title="bbox 123 709 1142 968">
     <span class='ocr_line' id='line_1_6' title="bbox 191 709 1142 788; baseline -0.005 -17"><span class='ocrx_word' id='word_1_48' title='bbox 191 713 287 771; x_wconf 91' lang='lat' dir='ltr'>hilum</span> <span class='ocrx_word' id='word_1_49' title='bbox 314 712 411 770; x_wconf 84' lang='lat' dir='ltr'>Varro</span> <span class='ocrx_word' id='word_1_50' title='bbox 444 713 487 770; x_wconf 91' lang='lat' dir='ltr'>ait</span> <span class='ocrx_word' id='word_1_51' title='bbox 524 711 692 788; x_wconf 84' lang='lat' dir='ltr'>significare</span> <span class='ocrx_word' id='word_1_52' title='bbox 728 709 887 768; x_wconf 78' lang='lat' dir='ltr'>medullam</span> <span class='ocrx_word' id='word_1_53' title='bbox 922 709 984 767; x_wconf 89' lang='lat' dir='ltr'>eius</span> <span class='ocrx_word' id='word_1_54' title='bbox 1018 709 1142 780; x_wconf 84' lang='lat' dir='ltr'>ferulae,</span> 
     </span>
     <span class='ocr_line' id='line_1_7' title="bbox 123 797 1142 878; baseline -0.003 -19"><span class='ocrx_word' id='word_1_55' title='bbox 123 822 215 878; x_wconf 88' lang='lat' dir='ltr'>quam</span> <span class='ocrx_word' id='word_1_56' title='bbox 248 800 354 860; x_wconf 84' lang='lat' dir='ltr'>Graeci</span> <span class='ocrx_word' id='word_1_57' title='bbox 390 799 556 876; x_wconf 78' lang='grc' dir='ltr'><strong><em>ἀσφόδελον</em></strong></span> <span class='ocrx_word' id='word_1_58' title='bbox 588 803 709 873; x_wconf 82' lang='lat' dir='ltr'>vocant,</span> <span class='ocrx_word' id='word_1_59' title='bbox 746 803 777 858; x_wconf 89' lang='lat' dir='ltr'>et</span> <span class='ocrx_word' id='word_1_60' title='bbox 809 800 850 857; x_wconf 91' lang='lat' dir='ltr'>sic</span> <span class='ocrx_word' id='word_1_61' title='bbox 883 798 942 856; x_wconf 87' lang='lat' dir='ltr'>dici</span> <span class='ocrx_word' id='word_1_62' title='bbox 975 797 1055 872; x_wconf 83' lang='lat' dir='ltr'>apud</span> <span class='ocrx_word' id='word_1_63' title='bbox 1089 816 1142 856; x_wconf 93' lang='lat' dir='ltr'>nos</span> 
     </span>
     <span class='ocr_line' id='line_1_8' title="bbox 124 885 867 968; baseline -0.004 -19"><span class='ocrx_word' id='word_1_64' title='bbox 124 891 261 963; x_wconf 86' lang='lat' dir='ltr'>nihilum,</span> <span class='ocrx_word' id='word_1_65' title='bbox 285 890 432 966; x_wconf 90' lang='lat' dir='ltr'>quomodo</span> <span class='ocrx_word' id='word_1_66' title='bbox 457 890 536 965; x_wconf 90' lang='lat' dir='ltr'>apud</span> <span class='ocrx_word' id='word_1_67' title='bbox 559 889 686 949; x_wconf 81' lang='lat' dir='ltr'>Graecos</span> <span class='ocrx_word' id='word_1_68' title='bbox 710 885 779 948; x_wconf 80' lang='grc' dir='ltr'><em>οὐδὲ</em></span> <span class='ocrx_word' id='word_1_69' title='bbox 802 896 867 968; x_wconf 83' lang='grc' dir='ltr'><strong><em>γρῦ.</em></strong></span> 
     </span>
    </p>
   </div>
   <div class='ocr_carea' id='block_1_5' title="bbox 122 985 1142 1184">
    <p class='ocr_par' dir='ltr' id='par_1_5' title="bbox 122 985 1142 1184">
     <span class='ocr_line' id='line_1_9' title="bbox 195 985 1142 1056; baseline -0.006 -13"><span class='ocrx_word' id='word_1_70' title='bbox 195 990 456 1055; x_wconf 65' lang='lat' dir='ltr'>Immemores</span> <span class='ocrx_word' id='word_1_71' title='bbox 482 1003 553 1042; x_wconf 81' lang='lat' dir='ltr'>noum</span> <span class='ocrx_word' id='word_1_72' title='bbox 567 999 657 1056; x_wconf 79' lang='grc' dir='ltr'><strong><em>-γρῡ,</em></strong></span> <span class='ocrx_word' id='word_1_73' title='bbox 701 989 788 1041; x_wconf 82' lang='lat' dir='ltr'>Varro</span> <span class='ocrx_word' id='word_1_74' title='bbox 811 988 843 1040; x_wconf 82' lang='lat' dir='ltr'>de</span> <span class='ocrx_word' id='word_1_75' title='bbox 867 987 884 1040; x_wconf 87' lang='lat' dir='ltr'>l.</span> <span class='ocrx_word' id='word_1_76' title='bbox 905 987 938 1040; x_wconf 87' lang='lat' dir='ltr'>L.</span> <span class='ocrx_word' id='word_1_77' title='bbox 959 989 985 1050; x_wconf 89' lang='lat'>9,</span> <span class='ocrx_word' id='word_1_78' title='bbox 1001 989 1036 1039; x_wconf 87' lang='grc'>54</span> <span class='ocrx_word' id='word_1_79' title='bbox 1066 985 1142 1053; x_wconf 84' lang='lat' dir='ltr'>quod</span> 
     </span>
     <span class='ocr_line' id='line_1_10' title="bbox 122 1057 1142 1184; baseline -0.006 -69"><span class='ocrx_word' id='word_1_80' title='bbox 122 1061 229 1184; x_wconf 45' lang='lat' dir='ltr'>{mmm</span> <span class='ocrx_word' id='word_1_81' title='bbox 258 1063 301 1114; x_wconf 88' lang='lat' dir='ltr'>est</span> <span class='ocrx_word' id='word_1_82' title='bbox 326 1078 359 1114; x_wconf 86' lang='lat' dir='ltr'>ex</span> <span class='ocrx_word' id='word_1_83' title='bbox 384 1078 419 1113; x_wconf 89' lang='lat' dir='ltr'>ne</span> <span class='ocrx_word' id='word_1_84' title='bbox 446 1062 474 1113; x_wconf 92' lang='lat' dir='ltr'>et</span> <span class='ocrx_word' id='word_1_85' title='bbox 498 1059 566 1125; x_wconf 81' lang='lat' dir='ltr'>hili;</span> <span class='ocrx_word' id='word_1_86' title='bbox 594 1076 680 1128; x_wconf 87' lang='lat' dir='ltr'>quare</span> <span class='ocrx_word' id='word_1_87' title='bbox 708 1059 801 1112; x_wconf 86' lang='lat' dir='ltr'>dictus</span> <span class='ocrx_word' id='word_1_88' title='bbox 828 1060 871 1111; x_wconf 88' lang='lat' dir='ltr'>est</span> <span class='ocrx_word' id='word_1_89' title='bbox 897 1057 981 1110; x_wconf 92' lang='lat' dir='ltr'>nihili</span> <span class='ocrx_word' id='word_1_90' title='bbox 1009 1057 1060 1124; x_wconf 91' lang='lat' dir='ltr'>qui</span> <span class='ocrx_word' id='word_1_91' title='bbox 1086 1073 1142 1109; x_wconf 90' lang='lat' dir='ltr'>non</span> 
     </span>
    </p>
   </div>
   <div class='ocr_carea' id='block_1_6' title="bbox 123 1129 1142 1272">
    <p class='ocr_par' dir='ltr' id='par_1_6' title="bbox 123 1129 1142 1272">
     <span class='ocr_line' id='line_1_11' title="bbox 143 1129 1142 1200; baseline -0.004 -16"><span class='ocrx_word' id='word_1_92' title='bbox 143 1131 174 1185; x_wconf 92' lang='lat' dir='ltr'>ili</span> <span class='ocrx_word' id='word_1_93' title='bbox 194 1135 271 1186; x_wconf 70' lang='lat' dir='ltr'>erat:</span> <span class='ocrx_word' id='word_1_94' title='bbox 285 1135 348 1186; x_wconf 84' lang='lat' dir='ltr'>item</span> <span class='ocrx_word' id='word_1_95' title='bbox 363 1137 407 1198; x_wconf 88' lang='grc'>10,</span> <span class='ocrx_word' id='word_1_96' title='bbox 421 1136 465 1186; x_wconf 88' lang='grc'>81.</span> <span class='ocrx_word' id='word_1_97' title='bbox 492 1133 573 1185; x_wconf 80' lang='lat' dir='ltr'>Paul.</span> <span class='ocrx_word' id='word_1_98' title='bbox 593 1132 666 1186; x_wconf 78' lang='lat' dir='ltr'>Fert.</span> <span class='ocrx_word' id='word_1_99' title='bbox 681 1150 711 1200; x_wconf 77' lang='lat' dir='ltr'>p.</span> <span class='ocrx_word' id='word_1_100' title='bbox 728 1136 789 1195; x_wconf 86' lang='lat'><strong><em>101,</em></strong></span> <span class='ocrx_word' id='word_1_101' title='bbox 804 1134 822 1182; x_wconf 86' lang='lat'><em>8</em></span> <span class='ocrx_word' id='word_1_102' title='bbox 841 1129 932 1181; x_wconf 85' lang='lat' dir='ltr'>hilum</span> <span class='ocrx_word' id='word_1_103' title='bbox 950 1130 1054 1198; x_wconf 88' lang='lat' dir='ltr'>putant</span> <span class='ocrx_word' id='word_1_104' title='bbox 1073 1145 1142 1190; x_wconf 88' lang='lat' dir='ltr'>esee,</span> 
     </span>
     <span class='ocr_line' id='line_1_12' title="bbox 123 1199 1141 1272; baseline -0.006 -16"><span class='ocrx_word' id='word_1_105' title='bbox 123 1204 200 1272; x_wconf 89' lang='lat' dir='ltr'>quod</span> <span class='ocrx_word' id='word_1_106' title='bbox 222 1219 310 1272; x_wconf 77' lang='lat' dir='ltr'>grano</span> <span class='ocrx_word' id='word_1_107' title='bbox 334 1203 416 1256; x_wconf 87' lang='lat' dir='ltr'>sabae</span> <span class='ocrx_word' id='word_1_108' title='bbox 440 1203 586 1267; x_wconf 76' lang='lat' dir='ltr'>adhaeret,</span> <span class='ocrx_word' id='word_1_109' title='bbox 610 1221 644 1256; x_wconf 83' lang='lat' dir='ltr'>ex</span> <span class='ocrx_word' id='word_1_110' title='bbox 667 1219 722 1270; x_wconf 93' lang='lat' dir='ltr'>quo</span> <span class='ocrx_word' id='word_1_111' title='bbox 742 1200 814 1254; x_wconf 87' lang='lat' dir='ltr'><strong>nihil</strong></span> <span class='ocrx_word' id='word_1_112' title='bbox 832 1203 861 1253; x_wconf 90' lang='lat' dir='ltr'>et</span> <span class='ocrx_word' id='word_1_113' title='bbox 879 1199 1008 1253; x_wconf 91' lang='lat' dir='ltr'>nihilum.</span> <span class='ocrx_word' id='word_1_114' title='bbox 1047 1201 1083 1264; x_wconf 85' lang='lat' dir='ltr'>cf.</span> <span class='ocrx_word' id='word_1_115' title='bbox 1103 1200 1141 1253; x_wconf 80' lang='lat' dir='ltr'>a&#39;d.</span> 
     </span>
    </p>
   </div>
   <div class='ocr_carea' id='block_1_7' title="bbox 122 1275 781 1344">
    <p class='ocr_par' dir='ltr' id='par_1_7' title="bbox 122 1275 781 1344">
     <span class='ocr_line' id='line_1_13' title="bbox 122 1275 781 1344; baseline -0.003 -16"><span class='ocrx_word' id='word_1_116' title='bbox 122 1293 149 1344; x_wconf 81' lang='lat' dir='ltr'>p.</span> <span class='ocrx_word' id='word_1_117' title='bbox 164 1279 228 1339; x_wconf 81' lang='lat'><strong><em>175,</em></strong></span> <span class='ocrx_word' id='word_1_118' title='bbox 242 1279 267 1328; x_wconf 88' lang='lat'>3.</span> <span class='ocrx_word' id='word_1_119' title='bbox 301 1279 373 1328; x_wconf 82' lang='lat' dir='ltr'>Nom.</span> <span class='ocrx_word' id='word_1_120' title='bbox 386 1292 414 1343; x_wconf 84' lang='lat' dir='ltr'>p.</span> <span class='ocrx_word' id='word_1_121' title='bbox 432 1278 493 1340; x_wconf 90' lang='grc'><strong><em>121,</em></strong></span> <span class='ocrx_word' id='word_1_122' title='bbox 506 1279 533 1328; x_wconf 86' lang='grc'>2.</span> <span class='ocrx_word' id='word_1_123' title='bbox 568 1292 653 1343; x_wconf 78' lang='lat' dir='ltr'>sopra</span> <span class='ocrx_word' id='word_1_124' title='bbox 667 1275 703 1340; x_wconf 78' lang='lat' dir='ltr'>fr.</span> <span class='ocrx_word' id='word_1_125' title='bbox 720 1277 781 1327; x_wconf 82' lang='grc'><strong><em>123.</em></strong></span> 
     </span>
    </p>
   </div>
   <div class='ocr_carea' id='block_1_8' title="bbox 597 1409 661 1465">
    <p class='ocr_par' dir='ltr' id='par_1_8' title="bbox 597 1409 661 1465">
     <span class='ocr_line' id='line_1_14' title="bbox 597 1409 661 1465; baseline -0.016 0"><span class='ocrx_word' id='word_1_126' title='bbox 597 1409 661 1465; x_wconf 85' lang='grc'>430</span> 
     </span>
    </p>
   </div>
   <div class='ocr_carea' id='block_1_9' title="bbox 121 1512 1142 1945">
    <p class='ocr_par' dir='ltr' id='par_1_9' title="bbox 121 1512 1142 1945">
     <span class='ocr_line' id='line_1_15' title="bbox 191 1512 1142 1590; baseline -0.003 -18"><span class='ocrx_word' id='word_1_127' title='bbox 191 1533 225 1572; x_wconf 86' lang='lat' dir='ltr'>ex</span> <span class='ocrx_word' id='word_1_128' title='bbox 248 1517 367 1573; x_wconf 89' lang='lat' dir='ltr'>senatus</span> <span class='ocrx_word' id='word_1_129' title='bbox 395 1515 530 1573; x_wconf 89' lang='lat' dir='ltr'>consulto</span> <span class='ocrx_word' id='word_1_130' title='bbox 554 1518 584 1572; x_wconf 92' lang='lat' dir='ltr'>et</span> <span class='ocrx_word' id='word_1_131' title='bbox 606 1514 725 1572; x_wconf 88' lang='lat' dir='ltr'>Maenia</span> <span class='ocrx_word' id='word_1_132' title='bbox 753 1513 817 1590; x_wconf 87' lang='lat' dir='ltr'>lege</span> <span class='ocrx_word' id='word_1_133' title='bbox 846 1512 884 1570; x_wconf 87' lang='lat' dir='ltr'>ad</span> <span class='ocrx_word' id='word_1_134' title='bbox 914 1512 1142 1588; x_wconf 88' lang='lat' dir='ltr'>propitiandum</span> 
     </span>
     <span class='ocr_line' id='line_1_16' title="bbox 122 1601 1140 1676; baseline -0.001 -16"><span class='ocrx_word' id='word_1_135' title='bbox 122 1602 224 1660; x_wconf 89' lang='lat' dir='ltr'>Iovem</span> <span class='ocrx_word' id='word_1_136' title='bbox 252 1603 371 1662; x_wconf 88' lang='lat' dir='ltr'>additus</span> <span class='ocrx_word' id='word_1_137' title='bbox 399 1606 443 1663; x_wconf 90' lang='lat' dir='ltr'>est</span> <span class='ocrx_word' id='word_1_138' title='bbox 470 1604 531 1661; x_wconf 91' lang='lat' dir='ltr'>illis</span> <span class='ocrx_word' id='word_1_139' title='bbox 560 1603 737 1662; x_wconf 79' lang='lat' dir='ltr'>circensibus</span> <span class='ocrx_word' id='word_1_140' title='bbox 766 1603 842 1673; x_wconf 85' lang='lat' dir='ltr'>dies,</span> <span class='ocrx_word' id='word_1_141' title='bbox 877 1603 960 1676; x_wconf 89' lang='lat' dir='ltr'>isque</span> <span class='ocrx_word' id='word_1_142' title='bbox 988 1601 1140 1660; x_wconf 88' lang='lat' dir='ltr'>instaura·</span> 
     </span>
     <span class='ocr_line' id='line_1_17' title="bbox 121 1689 1141 1768; baseline -0.004 -17"><span class='ocrx_word' id='word_1_143' title='bbox 121 1691 211 1751; x_wconf 91' lang='lat' dir='ltr'>ticius</span> <span class='ocrx_word' id='word_1_144' title='bbox 231 1692 329 1751; x_wconf 90' lang='lat' dir='ltr'>dictus</span> <span class='ocrx_word' id='word_1_145' title='bbox 348 1696 471 1751; x_wconf 91' lang='lat' dir='ltr'>estnon</span> <span class='ocrx_word' id='word_1_146' title='bbox 491 1712 508 1751; x_wconf 91' lang='lat' dir='ltr'>a</span> <span class='ocrx_word' id='word_1_147' title='bbox 526 1693 672 1768; x_wconf 88' lang='lat' dir='ltr'>patibulo,</span> <span class='ocrx_word' id='word_1_148' title='bbox 693 1696 727 1750; x_wconf 88' lang='lat' dir='ltr'>ut</span> <span class='ocrx_word' id='word_1_149' title='bbox 746 1691 870 1766; x_wconf 89' lang='lat' dir='ltr'>quidam</span> <span class='ocrx_word' id='word_1_150' title='bbox 889 1692 1006 1765; x_wconf 88' lang='lat' dir='ltr'>putant,</span> <span class='ocrx_word' id='word_1_151' title='bbox 1027 1689 1141 1749; x_wconf 83' lang='lat' dir='ltr'>Graeco</span> 
     </span>
     <span class='ocr_line' id='line_1_18' title="bbox 121 1777 1142 1861; baseline -0.002 -23"><span class='ocrx_word' id='word_1_152' title='bbox 121 1783 240 1839; x_wconf 90' lang='lat' dir='ltr'>nomine</span> <span class='ocrx_word' id='word_1_153' title='bbox 260 1777 318 1839; x_wconf 82' lang='grc' dir='ltr'>ἀπὸ</span> <span class='ocrx_word' id='word_1_154' title='bbox 337 1789 389 1841; x_wconf 85' lang='grc' dir='ltr'>τοῦ</span> <span class='ocrx_word' id='word_1_155' title='bbox 408 1791 547 1861; x_wconf 80' lang='grc' dir='ltr'><strong><em>σταυροῦ,</em></strong></span> <span class='ocrx_word' id='word_1_156' title='bbox 570 1781 621 1840; x_wconf 92' lang='lat' dir='ltr'>sed</span> <span class='ocrx_word' id='word_1_157' title='bbox 641 1801 658 1839; x_wconf 92' lang='lat' dir='ltr'>a</span> <span class='ocrx_word' id='word_1_158' title='bbox 676 1781 938 1858; x_wconf 76' lang='lat' dir='ltr'>redintegratione,</span> <span class='ocrx_word' id='word_1_159' title='bbox 960 1783 996 1838; x_wconf 88' lang='lat' dir='ltr'>ut</span> <span class='ocrx_word' id='word_1_160' title='bbox 1008 1779 1142 1838; x_wconf 83' lang='lat' dir='ltr'>Varroni</span> 
     </span>
     <span class='ocr_line' id='line_1_19' title="bbox 121 1871 909 1945; baseline -0.001 -18"><span class='ocrx_word' id='word_1_161' title='bbox 121 1871 229 1945; x_wconf 83' lang='lat' dir='ltr'>placet,</span> <span class='ocrx_word' id='word_1_162' title='bbox 253 1873 306 1945; x_wconf 91' lang='lat' dir='ltr'>qui</span> <span class='ocrx_word' id='word_1_163' title='bbox 328 1872 494 1929; x_wconf 87' lang='lat' dir='ltr'>instaurare</span> <span class='ocrx_word' id='word_1_164' title='bbox 520 1873 563 1929; x_wconf 93' lang='grc'>111</span> <span class='ocrx_word' id='word_1_165' title='bbox 586 1889 648 1929; x_wconf 88' lang='lat' dir='ltr'>esse</span> <span class='ocrx_word' id='word_1_166' title='bbox 672 1873 768 1928; x_wconf 88' lang='lat' dir='ltr'>instar</span> <span class='ocrx_word' id='word_1_167' title='bbox 791 1889 909 1928; x_wconf 83' lang='lat' dir='ltr'>novare.</span> 
     </span>
    </p>
   </div>
   <div class='ocr_carea' id='block_1_10' title="bbox 120 1968 1139 2177">
    <p class='ocr_par' dir='ltr' id='par_1_10' title="bbox 120 1968 1139 2177">
     <span class='ocr_line' id='line_1_20' title="bbox 194 1968 1139 2036; baseline -0.002 -15"><span class='ocrx_word' id='word_1_168' title='bbox 194 1969 318 2023; x_wconf 73' lang='lat' dir='ltr'>Macrob.</span> <span class='ocrx_word' id='word_1_169' title='bbox 335 1975 359 2034; x_wconf 90' lang='grc'>1,</span> <span class='ocrx_word' id='word_1_170' title='bbox 375 1975 417 2035; x_wconf 88' lang='grc'>11,</span> <span class='ocrx_word' id='word_1_171' title='bbox 432 1975 448 2023; x_wconf 86' lang='grc'><strong><em>5</em></strong></span> <span class='ocrx_word' id='word_1_172' title='bbox 467 1995 496 2024; x_wconf 83' lang='lat' dir='ltr'>ex</span> <span class='ocrx_word' id='word_1_173' title='bbox 510 1987 599 2024; x_wconf 86' lang='lat' dir='ltr'>senatus</span> <span class='ocrx_word' id='word_1_174' title='bbox 616 1969 713 2036; x_wconf 75' lang='lat' dir='ltr'>iliaque</span> <span class='ocrx_word' id='word_1_175' title='bbox 732 1983 833 2022; x_wconf 83' lang='lat' dir='ltr'>consulto</span> <span class='ocrx_word' id='word_1_176' title='bbox 847 1999 874 2006; x_wconf 93' lang='lat'>-</span> <span class='ocrx_word' id='word_1_177' title='bbox 887 1993 976 2021; x_wconf 82' lang='lat' dir='ltr'>novare.</span> <span class='ocrx_word' id='word_1_178' title='bbox 1000 1968 1036 2033; x_wconf 74' lang='lat' dir='ltr'>cf.</span> <span class='ocrx_word' id='word_1_179' title='bbox 1056 1969 1139 2022; x_wconf 77' lang='lat' dir='ltr'>Paul.</span> 
     </span>
     <span class='ocr_line' id='line_1_21' title="bbox 120 2039 1138 2109; baseline -0.001 -16"><span class='ocrx_word' id='word_1_180' title='bbox 120 2041 195 2094; x_wconf 84' lang='lat' dir='ltr'>Fest.</span> <span class='ocrx_word' id='word_1_181' title='bbox 211 2057 240 2107; x_wconf 77' lang='lat' dir='ltr'>p.</span> <span class='ocrx_word' id='word_1_182' title='bbox 258 2046 318 2105; x_wconf 88' lang='lat'><strong><em>111,</em></strong></span> <span class='ocrx_word' id='word_1_183' title='bbox 332 2046 356 2094; x_wconf 88' lang='grc'>4.</span> <span class='ocrx_word' id='word_1_184' title='bbox 381 2040 453 2094; x_wconf 82' lang='lat' dir='ltr'>Sero.</span> <span class='ocrx_word' id='word_1_185' title='bbox 469 2044 579 2106; x_wconf 71' lang='grc'><strong><em>1112,</em></strong></span> <span class='ocrx_word' id='word_1_186' title='bbox 595 2047 629 2094; x_wconf 86' lang='grc'>15</span> <span class='ocrx_word' id='word_1_187' title='bbox 649 2040 731 2109; x_wconf 81' lang='lat' dir='ltr'>(Sero.</span> <span class='ocrx_word' id='word_1_188' title='bbox 747 2041 824 2094; x_wconf 85' lang='lat' dir='ltr'>Dam.</span> <span class='ocrx_word' id='word_1_189' title='bbox 840 2041 909 2092; x_wconf 76' lang='lat' dir='ltr'>Aera.</span> <span class='ocrx_word' id='word_1_190' title='bbox 923 2043 950 2104; x_wconf 89' lang='grc'>2,</span> <span class='ocrx_word' id='word_1_191' title='bbox 966 2041 1041 2107; x_wconf 87' lang='grc'><strong><em>069).</em></strong></span> <span class='ocrx_word' id='word_1_192' title='bbox 1071 2039 1138 2092; x_wconf 79' lang='lat' dir='ltr'>Isid.</span> 
     </span>
     <span class='ocr_line' id='line_1_22' title="bbox 120 2111 593 2177; baseline -0.002 -12"><span class='ocrx_word' id='word_1_193' title='bbox 120 2116 317 2177; x_wconf 70' lang='grc'><strong><em>01.19,10,1.</em></strong></span> <span class='ocrx_word' id='word_1_194' title='bbox 348 2111 433 2166; x_wconf 77' lang='lat' dir='ltr'>CGL</span> <span class='ocrx_word' id='word_1_195' title='bbox 454 2113 535 2176; x_wconf 78' lang='lat' dir='ltr'><strong><em>V78,</em></strong></span> <span class='ocrx_word' id='word_1_196' title='bbox 552 2119 593 2166; x_wconf 86' lang='lat'>15.</span> 
     </span>
    </p>
   </div>
   <div class='ocr_carea' id='block_1_11' title="bbox 597 2247 658 2303">
    <p class='ocr_par' dir='ltr' id='par_1_11' title="bbox 597 2247 658 2303">
     <span class='ocr_line' id='line_1_23' title="bbox 597 2247 658 2303; baseline -0.016 0"><span class='ocrx_word' id='word_1_197' title='bbox 597 2247 658 2303; x_wconf 85' lang='lat'>431</span> 
     </span>
    </p>
   </div>
   <div class='ocr_carea' id='block_1_12' title="bbox 115 2349 1139 2696">
    <p class='ocr_par' dir='ltr' id='par_1_12' title="bbox 115 2349 1139 2696">
     <span class='ocr_line' id='line_1_24' title="bbox 187 2349 1138 2429; baseline -0.002 -21"><span class='ocrx_word' id='word_1_198' title='bbox 187 2351 267 2409; x_wconf 93' lang='lat' dir='ltr'>idem</span> <span class='ocrx_word' id='word_1_199' title='bbox 302 2352 397 2411; x_wconf 87' lang='lat' dir='ltr'>Varro</span> <span class='ocrx_word' id='word_1_200' title='bbox 434 2352 669 2429; x_wconf 82' lang='lat' dir='ltr'>spargendamm</span> <span class='ocrx_word' id='word_1_201' title='bbox 705 2370 814 2409; x_wconf 90' lang='lat' dir='ltr'>nucum</span> <span class='ocrx_word' id='word_1_202' title='bbox 850 2351 926 2408; x_wconf 89' lang='lat' dir='ltr'>hanc</span> <span class='ocrx_word' id='word_1_203' title='bbox 964 2349 1038 2407; x_wconf 91' lang='lat' dir='ltr'>dicit</span> <span class='ocrx_word' id='word_1_204' title='bbox 1076 2367 1138 2407; x_wconf 90' lang='lat' dir='ltr'>esse</span> 
     </span>
     <span class='ocr_line' id='line_1_25' title="bbox 115 2439 1139 2516; baseline -0.002 -19"><span class='ocrx_word' id='word_1_205' title='bbox 115 2441 276 2516; x_wconf 78' lang='lat' dir='ltr'>rationem,</span> <span class='ocrx_word' id='word_1_206' title='bbox 295 2445 330 2498; x_wconf 89' lang='lat' dir='ltr'>ut</span> <span class='ocrx_word' id='word_1_207' title='bbox 343 2441 423 2500; x_wconf 85' lang='lat' dir='ltr'>Iovis</span> <span class='ocrx_word' id='word_1_208' title='bbox 443 2444 540 2500; x_wconf 88' lang='lat' dir='ltr'>omine</span> <span class='ocrx_word' id='word_1_209' title='bbox 559 2443 783 2499; x_wconf 74' lang='lat' dir='ltr'>matrimonium</span> <span class='ocrx_word' id='word_1_210' title='bbox 803 2439 975 2514; x_wconf 78' lang='lat' dir='ltr'>celebretur,</span> <span class='ocrx_word' id='word_1_211' title='bbox 994 2441 1029 2496; x_wconf 89' lang='lat' dir='ltr'>ut</span> <span class='ocrx_word' id='word_1_212' title='bbox 1043 2441 1139 2512; x_wconf 89' lang='lat' dir='ltr'>nupta</span> 
     </span>
     <span class='ocr_line' id='line_1_26' title="bbox 120 2527 1138 2604; baseline -0.002 -18"><span class='ocrx_word' id='word_1_213' title='bbox 120 2533 258 2587; x_wconf 87' lang='lat' dir='ltr'>matrona</span> <span class='ocrx_word' id='word_1_214' title='bbox 282 2532 330 2602; x_wconf 88' lang='lat' dir='ltr'>sit,</span> <span class='ocrx_word' id='word_1_215' title='bbox 359 2532 436 2589; x_wconf 87' lang='lat' dir='ltr'>sicut</span> <span class='ocrx_word' id='word_1_216' title='bbox 458 2531 546 2604; x_wconf 82' lang='lat' dir='ltr'>luno3</span> <span class='ocrx_word' id='word_1_217' title='bbox 575 2551 645 2589; x_wconf 92' lang='lat' dir='ltr'>nam</span> <span class='ocrx_word' id='word_1_218' title='bbox 668 2548 756 2588; x_wconf 91' lang='lat' dir='ltr'>nuces</span> <span class='ocrx_word' id='word_1_219' title='bbox 780 2532 812 2587; x_wconf 88' lang='lat' dir='ltr'>in</span> <span class='ocrx_word' id='word_1_220' title='bbox 834 2528 931 2587; x_wconf 90' lang='lat' dir='ltr'>tutela</span> <span class='ocrx_word' id='word_1_221' title='bbox 955 2531 1025 2585; x_wconf 87' lang='lat' dir='ltr'>sunt</span> <span class='ocrx_word' id='word_1_222' title='bbox 1049 2527 1138 2598; x_wconf 82' lang='lat' dir='ltr'>lovis,</span> 
     </span>
     <span class='ocr_line' id='line_1_27' title="bbox 118 2617 965 2696; baseline -0.001 -21"><span class='ocrx_word' id='word_1_223' title='bbox 118 2618 196 2676; x_wconf 90' lang='lat' dir='ltr'>unde</span> <span class='ocrx_word' id='word_1_224' title='bbox 220 2623 250 2677; x_wconf 92' lang='lat' dir='ltr'>et</span> <span class='ocrx_word' id='word_1_225' title='bbox 272 2619 429 2696; x_wconf 82' lang='lat' dir='ltr'>iuglandes</span> <span class='ocrx_word' id='word_1_226' title='bbox 454 2624 598 2678; x_wconf 90' lang='lat' dir='ltr'>vocantur</span> <span class='ocrx_word' id='word_1_227' title='bbox 622 2623 707 2694; x_wconf 88' lang='lat' dir='ltr'>quasi</span> <span class='ocrx_word' id='word_1_228' title='bbox 730 2619 810 2677; x_wconf 91' lang='lat' dir='ltr'>Iovis</span> <span class='ocrx_word' id='word_1_229' title='bbox 835 2617 965 2694; x_wconf 81' lang='lat' dir='ltr'>glandes.</span> 
     </span>
    </p>
   </div>
   <div class='ocr_carea' id='block_1_13' title="bbox 116 2717 1139 3199">
    <p class='ocr_par' dir='ltr' id='par_1_13' title="bbox 116 2717 1139 3199">
     <span class='ocr_line' id='line_1_28' title="bbox 190 2717 1139 2782; baseline -0.005 -12"><span class='ocrx_word' id='word_1_230' title='bbox 190 2717 263 2771; x_wconf 73' lang='lat' dir='ltr'>Serv.</span> <span class='ocrx_word' id='word_1_231' title='bbox 279 2718 336 2771; x_wconf 79' lang='lat' dir='ltr'>buc.</span> <span class='ocrx_word' id='word_1_232' title='bbox 352 2722 378 2782; x_wconf 84' lang='grc'>8,</span> <span class='ocrx_word' id='word_1_233' title='bbox 392 2721 429 2772; x_wconf 77' lang='grc'>29</span> <span class='ocrx_word' id='word_1_234' title='bbox 447 2733 505 2772; x_wconf 86' lang='lat' dir='ltr'>idem</span> <span class='ocrx_word' id='word_1_235' title='bbox 524 2750 550 2756; x_wconf 94' lang='lat'><em>-</em></span> <span class='ocrx_word' id='word_1_236' title='bbox 569 2734 667 2781; x_wconf 76' lang='lat' dir='ltr'>glandes.</span> <span class='ocrx_word' id='word_1_237' title='bbox 702 2720 788 2772; x_wconf 77' lang='lat' dir='ltr'>Varro</span> <span class='ocrx_word' id='word_1_238' title='bbox 808 2718 840 2771; x_wconf 75' lang='lat' dir='ltr'>de</span> <span class='ocrx_word' id='word_1_239' title='bbox 860 2718 876 2770; x_wconf 82' lang='lat' dir='ltr'>l.</span> <span class='ocrx_word' id='word_1_240' title='bbox 898 2717 931 2768; x_wconf 77' lang='lat' dir='ltr'>L.</span> <span class='ocrx_word' id='word_1_241' title='bbox 952 2720 982 2781; x_wconf 87' lang='lat'>5,</span> <span class='ocrx_word' id='word_1_242' title='bbox 1002 2719 1058 2768; x_wconf 84' lang='lat'>102</span> <span class='ocrx_word' id='word_1_243' title='bbox 1081 2731 1139 2766; x_wconf 72' lang='lat' dir='ltr'>nux</span> 
     </span>
     <span class='ocr_line' id='line_1_29' title="bbox 118 2786 1139 2858; baseline -0.001 -20"><span class='ocrx_word' id='word_1_244' title='bbox 118 2786 230 2856; x_wconf 81' lang='lat' dir='ltr'>iuglans</span> <span class='ocrx_word' id='word_1_245' title='bbox 250 2819 283 2827; x_wconf 92' lang='lat'>-</span> <span class='ocrx_word' id='word_1_246' title='bbox 303 2787 403 2841; x_wconf 86' lang='lat' dir='ltr'>similis</span> <span class='ocrx_word' id='word_1_247' title='bbox 432 2788 556 2858; x_wconf 84' lang='lat' dir='ltr'>glandis.</span> <span class='ocrx_word' id='word_1_248' title='bbox 585 2790 654 2842; x_wconf 85' lang='lat' dir='ltr'>haec</span> <span class='ocrx_word' id='word_1_249' title='bbox 680 2790 761 2857; x_wconf 74' lang='lat' dir='ltr'>glans</span> <span class='ocrx_word' id='word_1_250' title='bbox 788 2787 895 2857; x_wconf 80' lang='lat' dir='ltr'>optima</span> <span class='ocrx_word' id='word_1_251' title='bbox 921 2789 950 2840; x_wconf 82' lang='lat' dir='ltr'>et</span> <span class='ocrx_word' id='word_1_252' title='bbox 972 2786 1099 2839; x_wconf 83' lang='lat' dir='ltr'>maxima</span> <span class='ocrx_word' id='word_1_253' title='bbox 1123 2803 1139 2838; x_wconf 92' lang='lat' dir='ltr'>a</span> 
     </span>
     <span class='ocr_line' id='line_1_30' title="bbox 118 2858 1137 2929; baseline -0.001 -19"><span class='ocrx_word' id='word_1_254' title='bbox 118 2858 183 2911; x_wconf 91' lang='lat' dir='ltr'>Iove</span> <span class='ocrx_word' id='word_1_255' title='bbox 209 2861 237 2912; x_wconf 93' lang='lat' dir='ltr'>et</span> <span class='ocrx_word' id='word_1_256' title='bbox 263 2858 367 2928; x_wconf 82' lang='lat' dir='ltr'>glande</span> <span class='ocrx_word' id='word_1_257' title='bbox 393 2859 505 2928; x_wconf 88' lang='lat' dir='ltr'>iuglans</span> <span class='ocrx_word' id='word_1_258' title='bbox 532 2862 574 2912; x_wconf 88' lang='lat' dir='ltr'>est</span> <span class='ocrx_word' id='word_1_259' title='bbox 597 2860 748 2929; x_wconf 87' lang='lat' dir='ltr'>appellata.</span> <span class='ocrx_word' id='word_1_260' title='bbox 787 2861 821 2926; x_wconf 81' lang='lat' dir='ltr'>cf.</span> <span class='ocrx_word' id='word_1_261' title='bbox 842 2860 916 2913; x_wconf 82' lang='lat' dir='ltr'>le.</span> <span class='ocrx_word' id='word_1_262' title='bbox 935 2875 963 2910; x_wconf 84' lang='lat' dir='ltr'>m.</span> <span class='ocrx_word' id='word_1_263' title='bbox 982 2858 1008 2910; x_wconf 79' lang='lat' dir='ltr'>lt.</span> <span class='ocrx_word' id='word_1_264' title='bbox 1030 2861 1074 2922; x_wconf 88' lang='grc'>15,</span> <span class='ocrx_word' id='word_1_265' title='bbox 1093 2861 1137 2910; x_wconf 87' lang='grc'>01.</span> 
     </span>
     <span class='ocr_line' id='line_1_31' title="bbox 120 2930 1139 2999; baseline -0.001 -17"><span class='ocrx_word' id='word_1_266' title='bbox 120 2930 243 2984; x_wconf 86' lang='lat' dir='ltr'>Macrob.</span> <span class='ocrx_word' id='word_1_267' title='bbox 264 2935 290 2996; x_wconf 86' lang='grc'>3,</span> <span class='ocrx_word' id='word_1_268' title='bbox 305 2935 350 2996; x_wconf 89' lang='grc'>18,</span> <span class='ocrx_word' id='word_1_269' title='bbox 365 2935 389 2985; x_wconf 88' lang='grc'>3.</span> <span class='ocrx_word' id='word_1_270' title='bbox 418 2933 492 2984; x_wconf 76' lang='lat' dir='ltr'>Nora.</span> <span class='ocrx_word' id='word_1_271' title='bbox 510 2949 537 2999; x_wconf 84' lang='lat' dir='ltr'>p.</span> <span class='ocrx_word' id='word_1_272' title='bbox 554 2936 616 2997; x_wconf 88' lang='grc'><strong><em>122,</em></strong></span> <span class='ocrx_word' id='word_1_273' title='bbox 631 2937 675 2986; x_wconf 86' lang='grc'>30.</span> <span class='ocrx_word' id='word_1_274' title='bbox 703 2949 764 2985; x_wconf 77' lang='lat' dir='ltr'>cam</span> <span class='ocrx_word' id='word_1_275' title='bbox 783 2931 893 2985; x_wconf 75' lang='lat' dir='ltr'>Servios</span> <span class='ocrx_word' id='word_1_276' title='bbox 907 2931 1035 2998; x_wconf 73' lang='lat' dir='ltr'>proxime</span> <span class='ocrx_word' id='word_1_277' title='bbox 1055 2935 1139 2983; x_wconf 77' lang='lat' dir='ltr'>cretea</span> 
     </span>
     <span class='ocr_line' id='line_1_32' title="bbox 124 3001 1138 3072; baseline -0.003 -17"><span class='ocrx_word' id='word_1_278' title='bbox 124 3001 257 3055; x_wconf 75' lang='lat' dir='ltr'>Varronis</span> <span class='ocrx_word' id='word_1_279' title='bbox 276 3003 358 3056; x_wconf 80' lang='lat' dir='ltr'>Actia</span> <span class='ocrx_word' id='word_1_280' title='bbox 377 3003 414 3055; x_wconf 85' lang='lat' dir='ltr'>col</span> <span class='ocrx_word' id='word_1_281' title='bbox 432 3004 589 3057; x_wconf 75' lang='lat' dir='ltr'>institutum</span> <span class='ocrx_word' id='word_1_282' title='bbox 608 3004 745 3072; x_wconf 80' lang='lat' dir='ltr'>quoddam</span> <span class='ocrx_word' id='word_1_283' title='bbox 764 3005 795 3056; x_wconf 82' lang='lat' dir='ltr'>m</span> <span class='ocrx_word' id='word_1_284' title='bbox 816 3002 924 3069; x_wconf 75' lang='lat' dir='ltr'>ruptiis</span> <span class='ocrx_word' id='word_1_285' title='bbox 941 3001 1138 3068; x_wconf 73' lang='lat' dir='ltr'>explicandam</span> 
     </span>
     <span class='ocr_line' id='line_1_33' title="bbox 116 3073 1139 3143; baseline -0.001 -18"><span class='ocrx_word' id='word_1_286' title='bbox 116 3079 243 3126; x_wconf 83' lang='lat' dir='ltr'>memoret</span> <span class='ocrx_word' id='word_1_287' title='bbox 271 3081 419 3143; x_wconf 64' lang='lat' dir='ltr'>pereatque</span> <span class='ocrx_word' id='word_1_288' title='bbox 456 3073 537 3128; x_wconf 76' lang='lat' dir='ltr'>‘idem</span> <span class='ocrx_word' id='word_1_289' title='bbox 561 3075 659 3128; x_wconf 85' lang='lat' dir='ltr'>Varrc&#39;</span> <span class='ocrx_word' id='word_1_290' title='bbox 693 3081 748 3139; x_wconf 81' lang='lat' dir='ltr'>etc,</span> <span class='ocrx_word' id='word_1_291' title='bbox 781 3091 814 3128; x_wconf 83' lang='lat' dir='ltr'>erc</span> <span class='ocrx_word' id='word_1_292' title='bbox 845 3073 934 3127; x_wconf 81' lang='lat' dir='ltr'>ecdem</span> <span class='ocrx_word' id='word_1_293' title='bbox 967 3089 1046 3140; x_wconf 77' lang='lat' dir='ltr'>opere</span> <span class='ocrx_word' id='word_1_294' title='bbox 1072 3073 1139 3125; x_wconf 79' lang='lat' dir='ltr'>hacc</span> 
     </span>
     <span class='ocr_line' id='line_1_34' title="bbox 116 3144 425 3199; baseline 0.006 -3"><span class='ocrx_word' id='word_1_295' title='bbox 116 3144 200 3197; x_wconf 69' lang='lat' dir='ltr'>deceta</span> <span class='ocrx_word' id='word_1_296' title='bbox 219 3145 425 3199; x_wconf 68' lang='lat' dir='ltr'>carricentur.</span> 
     </span>
    </p>
   </div>
   <div class='ocr_carea' id='block_1_14' title="bbox 117 3250 1139 3377">
    <p class='ocr_par' dir='ltr' id='par_1_14' title="bbox 117 3250 1139 3377">
     <span class='ocr_line' id='line_1_35' title="bbox 187 3250 1139 3322; baseline 0.002 -20"><span class='ocrx_word' id='word_1_297' title='bbox 187 3258 203 3303; x_wconf 90' lang='grc'><strong><em>4</em></strong></span> <span class='ocrx_word' id='word_1_298' title='bbox 224 3250 391 3320; x_wconf 86' lang='lat' dir='ltr'>iugulandes</span> <span class='ocrx_word' id='word_1_299' title='bbox 410 3253 501 3306; x_wconf 77' lang='lat' dir='ltr'>Paris.</span> <span class='ocrx_word' id='word_1_300' title='bbox 523 3253 621 3322; x_wconf 84' lang='lat' dir='ltr'>(vigul-</span> <span class='ocrx_word' id='word_1_301' title='bbox 643 3254 749 3321; x_wconf 87' lang='lat' dir='ltr'>Hcmb.)</span> <span class='ocrx_word' id='word_1_302' title='bbox 767 3254 830 3318; x_wconf 76' lang='lat' dir='ltr'>fort.</span> <span class='ocrx_word' id='word_1_303' title='bbox 850 3257 917 3304; x_wconf 82' lang='lat' dir='ltr'>recte</span> <span class='ocrx_word' id='word_1_304' title='bbox 1004 3250 1139 3304; x_wconf 87' lang='lat' dir='ltr'>dicuntur</span> 
     </span>
     <span class='ocr_line' id='line_1_36' title="bbox 117 3322 333 3377; baseline 0.009 -3"><span class='ocrx_word' id='word_1_305' title='bbox 117 3322 201 3377; x_wconf 75' lang='lat' dir='ltr'>Berm.</span> <span class='ocrx_word' id='word_1_306' title='bbox 225 3324 333 3376; x_wconf 85' lang='lat' dir='ltr'>Lemoo.</span> 
     </span>
    </p>
   </div>
   <div class='ocr_carea' id='block_1_15' title="bbox 160 3441 1137 3630">
    <p class='ocr_par' dir='ltr' id='par_1_15' title="bbox 160 3441 1137 3630">
     <span class='ocr_line' id='line_1_37' title="bbox 592 3441 658 3498; baseline 0.03 -2"><span class='ocrx_word' id='word_1_307' title='bbox 592 3441 658 3498; x_wconf 85' lang='grc'>432</span> 
     </span>
     <span class='ocr_line' id='line_1_38' title="bbox 160 3546 1137 3630; baseline 0.004 -28"><span class='ocrx_word' id='word_1_308' title='bbox 160 3563 220 3606; x_wconf 86' lang='lat' dir='ltr'>cur</span> <span class='ocrx_word' id='word_1_309' title='bbox 239 3551 475 3630; x_wconf 77' lang='lat' dir='ltr'>triumphantes</span> <span class='ocrx_word' id='word_1_310' title='bbox 499 3551 589 3612; x_wconf 87' lang='lat' dir='ltr'>lauro</span> <span class='ocrx_word' id='word_1_311' title='bbox 610 3552 788 3610; x_wconf 62' lang='lat' dir='ltr'>coronentur</span> <span class='ocrx_word' id='word_1_312' title='bbox 800 3547 879 3606; x_wconf 70' lang='lat' dir='ltr'>liaeo</span> <span class='ocrx_word' id='word_1_313' title='bbox 891 3546 971 3603; x_wconf 76' lang='lat' dir='ltr'>ratio</span> <span class='ocrx_word' id='word_1_314' title='bbox 987 3549 1046 3617; x_wconf 60' lang='lat' dir='ltr'>est,</span> <span class='ocrx_word' id='word_1_315' title='bbox 1064 3567 1137 3622; x_wconf 70' lang='lat' dir='ltr'>ono·</span> 
     </span>
    </p>
   </div>
   <div class='ocr_carea' id='block_1_16' title="bbox 0 0 1204 3824">
    <p class='ocr_par' dir='ltr' id='par_1_16' title="bbox 0 0 1204 3824">
     <span class='ocr_line' id='line_1_39' title="bbox 0 0 1204 3824; baseline 0 2"><span class='ocrx_word' id='word_1_316' title='bbox 0 0 1204 3824; x_wconf 95' lang='lat' dir='ltr'> </span> 
     </span>
    </p>
   </div>
  </div>
 </body>
</html>
