2400 3824
459 173 496 227 M.
515 171 624 227 Tullius
644 173 709 228 Tiro
1026 179 1091 243 395

509 344 528 402 5
552 337 655 422 [deest]

97 504 102 523 ,
142 451 234 526 apud
258 450 407 509 eundem
430 453 572 526 poetam
597 445 697 530 [Hom.
717 454 760 512 Il.
778 457 806 522 7,
822 448 878 532 89]
902 453 995 513 Aiax
1016 473 1092 513 cum

74 542 229 600 Hectore
260 540 497 618 congrediens
528 541 759 618 depugnandi
789 560 896 601 causa
928 546 1021 620 agit,
1053 546 1093 602 ut

71 631 285 706 sepeliatur,
304 630 334 688 si
353 632 401 688 sit
419 630 513 688 forte
528 629 658 704 victus,
678 631 913 707 declaratque
937 651 973 690 se
996 632 1091 691 velle

73 723 115 778 ut
134 738 233 778 suum
247 719 424 778 tumulum
441 719 567 777 multis
587 721 696 778 etiam
714 724 797 796 post
811 722 967 780 saeculis
987 739 1091 797 prae-

71 812 260 868 tereuntes
284 808 334 866 sic
358 808 569 882 loquantur:
594 803 667 867 ‘hic
691 809 783 869 situs
806 814 861 869 est
883 811 981 869 vitae
1004 812 1091 869 iam-

72 898 209 975 pridem
234 897 369 955 lumina
392 897 573 972 linquens,
594 891 608 976 s
629 899 689 974 qui
713 899 889 974 quondam
912 899 1091 958 Hectoreo

71 988 262 1063 perculsus
300 985 460 1045 concidit
495 1005 583 1045 ense.
605 980 620 1066 s
646 987 788 1046 fabitur
819 989 905 1047 haee
942 989 1092 1064 reliquie,

74 1096 151 1134 mea
174 1095 310 1151 semper
333 1076 452 1152 gloria
475 1071 601 1134 vivet'.

150 1175 216 1230 cell.
233 1180 276 1240 15,
292 1180 348 1241 e,1
367 1174 397 1226 in
416 1173 488 1227 libro
502 1173 539 1227 M.
555 1174 650 1242 Tullii,
670 1176 718 1242 qui
733 1172 776 1229 est
791 1176 930 1231 secundus
945 1177 979 1229 de
993 1177 1093 1245 gloria,

72 1247 240 1300 manifestus
259 1263 336 1301 error
353 1248 395 1298 est
413 1262 469 1300 non
488 1262 607 1314 magnae
625 1247 675 1314 rei,
694 1264 777 1315 quem
796 1263 917 1302 errorem
931 1265 990 1301 esse
1004 1247 1094 1316 possit

72 1333 243 1388 cognoscere
270 1335 326 1372 non
355 1317 458 1385 aliquis
486 1319 673 1384 eruditorum,
701 1319 750 1372 sed
778 1319 828 1386 qui
854 1321 967 1372 tantum
991 1318 1094 1388 legerit

75 1390 205 1458 Ὁμήρου
223 1389 255 1442 τὸ
275 1389 292 1456 ή
311 1389 452 1459 [89-91].
486 1407 570 1456 quam
590 1389 624 1444 ob
644 1405 703 1443 rem
722 1407 778 1444 non
796 1392 855 1443 tam
873 1389 904 1443 id
922 1391 1094 1444 mirabamur

73 1478 182 1516 errasse
200 1461 230 1513 in
250 1477 283 1514 ea
300 1476 331 1514 re
351 1461 386 1513 Μ,
402 1459 534 1525 Tullium,
550 1477 634 1528 quam
650 1479 706 1514 non
725 1477 786 1517 esse
800 1461 1027 1515 animadversum
1040 1463 1093 1516 hoc

74 1536 175 1602 postea
202 1534 412 1599 correctumque
435 1531 478 1584 vel
503 1531 537 1584 ab
564 1533 625 1600 ipso
651 1533 695 1586 vel
721 1549 738 1585 a
766 1533 867 1587 Tirone
894 1533 996 1587 liberto
1024 1534 1093 1598 eius,

72 1604 293 1674 diligentissimo
308 1603 420 1656 homine
435 1605 464 1655 et
477 1601 612 1656 librorum
626 1604 738 1671 patroni
752 1605 796 1658 sui
810 1605 1025 1658 studiosissimo.
1051 1604 1093 1657 ita

72 1677 151 1730 enim
177 1676 311 1743 scriptum
337 1675 366 1726 in
393 1691 425 1728 ec
451 1674 523 1727 libro
549 1677 591 1728 est
617 1675 688 1746 [ΙΙῙ8
710 1693 740 1743 p.
760 1680 812 1730 331
840 1677 897 1731 OF
909 1676 1092 1746 WMaellcr]:

71 1763 136 1810 apud
149 1761 244 1801 eundem
258 1761 369 1810 -gloria
388 1761 454 1800 vivet.

455 1977 712 2031 EPISTULARUM

202 2120 249 2174 DE
269 2120 386 2174 REBUS
406 2121 657 2175 GRAMMATICIS
677 2120 968 2185 RHETORIOISQUE

512 2293 531 2347 6
555 2285 657 2370 [deest]

145 2416 279 2492 culpavit
299 2408 384 2492 [Tiro
401 2409 529 2492 Tulliae]
551 2417 679 2490 primum
699 2415 754 2474 hoc
776 2416 856 2489 quod
875 2414 949 2473 Cato
972 2415 1093 2472 ineru-

72 2505 153 2563 dite
177 2507 211 2562 et
234 2501 438 2583 ἀναγώγως,
462 2508 496 2562 ut
516 2504 580 2578 ipse
600 2505 650 2579 ait,
674 2505 822 2579 principio
841 2505 930 2562 nimis
953 2504 1094 2562 insolenti

76 2594 226 2668 nimisque
257 2596 318 2651 acri
342 2598 371 2651 et
399 2593 602 2671 obiurgatorio
630 2612 701 2652 usus
732 2595 784 2666 sit,
815 2611 882 2651 cum
909 2595 1004 2651 vereri
1032 2610 1093 2651 sese

75 2683 216 2755 ostendit,
244 2702 280 2740 ne
303 2686 404 2757 patres
428 2682 538 2760 gaudio
563 2685 654 2756 atque
682 2682 800 2740 laetitia
827 2701 926 2740 rerum
953 2699 1094 2757 prospere

75 2775 229 2850 gestarum
253 2772 288 2830 de
317 2775 398 2830 statu
426 2773 533 2829 mentis
562 2789 632 2830 suae
661 2771 810 2829 deturbati
840 2790 900 2829 non
928 2773 1002 2829 satis
1026 2789 1093 2828 con·
1122 2789 1133 2827 e

77 2862 211 2936 siperent
242 2880 336 2935 neque
369 2861 406 2917 ad
439 2864 518 2920 recte
554 2860 787 2937 intellegendum
824 2859 1093 2934 consulendumque

75 2953 178 3009 essent
204 2949 311 3007 idonei.
358 2953 393 3007 in
423 2951 620 3025 principiis
652 2954 772 3007 autem
804 2950 903 3024 inquit
933 2949 1093 3024 patroni,

75 3040 140 3114 qui
159 3058 223 3112 pro
242 3040 313 3096 reis
337 3039 473 3111 dicunt,
497 3038 694 3098 conciliare
716 3037 787 3096 sibi
811 3041 845 3096 et
868 3038 1093 3113 complacare

73 3127 218 3186 iudices
238 3127 367 3186 debent
386 3147 581 3204 sensusque
600 3147 721 3186 eorum
742 3127 994 3201 expectatione
1013 3146 1093 3186 cau·

75 3236 137 3276 sae
157 3231 348 3292 suspensos
371 3219 603 3294 rigentesque
622 3217 839 3276 honorificis
863 3216 1135 3274 verecundis-10

78 3326 144 3382 que
180 3307 373 3364 sententiis
411 3308 657 3380 commulcere‚
695 3326 764 3363 non
800 3305 948 3362 iniuriis
986 3308 1094 3379 atque

74 3397 287 3471 imperiosis
319 3396 581 3455 minationibus
614 3397 812 3454 confutare.
858 3397 959 3470 ipsum
990 3392 1094 3451 deinde

74 3487 259 3560 principium
269 3485 417 3560 apposuit,
427 3487 509 3543 ouius
526 3485 614 3543 verba
628 3485 700 3542 haec
711 3487 780 3542 sunt
795 3477 868 3561 [VI
879 3476 993 3560 Jore.]:
1009 3478 1094 3539 ‘seio

76 3575 195 3633 solere
219 3575 407 3648 plerisque
434 3573 641 3634 hominibus
663 3573 772 3634 rebus
799 3573 975 3632 secundis
995 3574 1112 3640 abque
