2400 3824
107 180 174 244 224
255 179 462 234 Grammaticus
481 180 583 234 astatis
603 179 796 233 Varronianas
814 178 976 248 fragmenta

538 349 580 406 95
604 342 697 427 [999]

152 475 377 531 nasturcium
400 492 469 530 non
487 473 587 532 vides
607 472 689 532 ideo
709 472 782 531 dici
800 471 892 547 quod
910 489 1038 530 nasum
1055 473 1120 530 tor·

108 564 231 637 queat,
254 566 292 620 ut
315 563 550 637 vestispicam
574 562 668 637 quod
691 565 826 620 vestem
850 557 1008 637 spiciat?

180 662 417 728 Non.p.12,12
440 659 585 729 vestispici
609 659 829 729 appellabantur
853 657 976 713 vestium
1000 658 1122 712 custodes

107 732 193 799 servi,
216 732 291 800 quod
315 731 457 799 frequenti
480 730 632 800 diligentia
656 731 739 786 vestis
758 730 919 800 inspiciant.
957 729 1076 784 Plautus
1093 761 1122 768 -

106 803 195 857 Varro
214 803 311 871 Pappo
332 805 382 856 aut
400 802 497 872 indige
522 803 669 884 [indigena
690 802 809 874 Oelsler]:
832 816 973 857 numinum
991 833 1020 841 -
1038 815 1123 863 spicata

115 876 203 929 Varro
222 875 248 928 d.
269 875 286 929 i.
302 876 336 928 L.
352 879 429 940 7,12
447 875 488 927 sic
507 874 584 927 dicta
602 873 764 944 vestispica‚
783 891 855 942 quae
872 874 980 928 vestam
1000 871 1123 941 epicurei,

106 945 136 998 id
156 949 199 999 est
217 945 324 999 videret
341 947 452 1000 vastum
471 961 504 998 ac
522 948 657 999 tueretur.

181 1058 194 1104 1
227 1051 403 1104 nasturcium
439 1051 536 1120 indige
569 1068 625 1104 non
658 1050 767 1105 invides
799 1049 829 1103 in
862 1066 908 1105 eo:
955 1067 1004 1105 am.
1038 1049 1125 1105 Oehlor

107 1129 123 1176 2
142 1124 176 1175 ut
194 1123 265 1177 deest
282 1124 314 1176 in
328 1125 466 1191 plerisque
485 1123 564 1177 latria

537 1312 580 1366 oo
604 1302 704 1387 [ooo]-

174 1452 297 1509 poema
316 1435 370 1492 est
393 1433 485 1492 lexis
509 1433 731 1508 enrythmos,
754 1432 790 1490 id
813 1434 867 1490 est
889 1431 1002 1490 verba
1025 1432 1125 1508 plura

106 1522 244 1580 modice
262 1523 298 1578 in
314 1521 491 1597 quandam
511 1523 675 1581 coniecta
689 1523 852 1596 formam,
872 1522 1000 1597 itaque
1021 1523 1125 1580 etiam

108 1611 292 1670 distichon
324 1613 627 1687 epigrammation
658 1612 789 1669 vocant
819 1628 953 1685 poema.
1010 1609 1125 1687 poesis

107 1703 162 1759 est
193 1702 408 1775 perpetuum
440 1703 690 1777 argumentum
720 1719 736 1758 e
765 1699 934 1775 rythmis,
967 1701 1009 1757 ut
1037 1699 1124 1758 Ilias

80 1789 253 1852 oHomeri
281 1792 315 1847 et
343 1789 486 1847 annalis
515 1789 615 1847 Enni.
668 1788 811 1864 poetice
838 1781 892 1846 est
920 1806 978 1846 ars
1008 1806 1125 1847 earum

105 1896 229 1936 rerum.

177 1977 252 2030 Non.
270 1995 299 2045 p.
319 1979 388 2043 428,
408 1981 425 2030 5
448 1977 540 2044 poesis
564 1978 593 2030 et
611 1991 712 2045 poema
730 1975 804 2029 hanc
821 1973 930 2028 habant
948 1973 1124 2029 distantiam:

105 2047 198 2115 poesis
210 2050 252 2101 ast
265 2050 359 2101 textus
371 2048 537 2116 scriptorum
549 2048 762 2118 [scripturorum
774 2046 906 2101 nonnulli
913 2045 1014 2117 cocti]¹
1028 2061 1126 2115 poema

106 2118 231 2172 inventio
245 2135 340 2187 parva,
360 2136 432 2187 quae
445 2120 543 2187 paucis
557 2119 648 2172 verbis
663 2118 818 2188 expeditur.
833 2116 958 2170 Lucilius
973 2117 1046 2188 [fni
1055 2117 1125 2198 cti}

106 2188 195 2242 Varro
213 2190 399 2244 Parmenone:
420 2216 501 2253 poema
514 2223 541 2230 -
553 2216 633 2244 rerum.
671 2190 705 2256 cf.
725 2190 794 2244 Ista.
813 2205 852 2243 or.
872 2194 898 2255 1,
912 2192 959 2255 38,
972 2193 1010 2244 21
1034 2205 1125 2257 poesis

107 2259 211 2314 dicitur
230 2259 335 2315 Graeco
354 2262 468 2315 nomine
487 2278 557 2330 opus
576 2261 729 2314 multorum
748 2259 896 2327 librorum,
914 2276 1018 2329 poema
1036 2260 1125 2314 unius.

179 2373 196 2418 4
215 2369 244 2422 et
262 2368 395 2436 rythmis,
415 2370 513 2423 deinde
531 2369 700 2438 interpositis
718 2369 819 2422 olienis
836 2365 895 2421 min
914 2367 947 2420 ut
964 2365 1032 2420 ilias
1050 2366 1126 2422 codd.

537 2557 577 2613 97
603 2548 696 2632 [179]

174 2677 282 2754 quid?
328 2683 366 2737 tu
389 2699 458 2738 non
481 2679 582 2739 vides
609 2681 646 2737 in
669 2679 799 2752 vineis,
831 2677 924 2754 quod
945 2680 1020 2736 tria
1043 2679 1127 2755 pala

106 2767 276 2842 habeant,
298 2769 454 2843 tripales
479 2767 573 2826 dici?

177 2867 422 2934 Non.p.219,19
440 2866 500 2935 pali
518 2882 620 2936 genere
638 2864 801 2919 masculino.
820 2867 920 2919 neutro
936 2864 1026 2920 Varro
1046 2866 1127 2920 Flax·

105 2935 212 2990 tabulis
230 2938 295 3004 περὶ
314 2937 468 3006 inoppino:
488 2953 556 3000 quida
570 2969 596 2978 —
611 2952 669 2991 uicis

544 3125 587 3182 99
611 3116 682 3201 [61]

173 3247 252 3305 ideo
271 3247 358 3324 tuga
380 3247 537 3307 hostium
562 3266 688 3325 graece
712 3248 864 3305 vocatur
885 3245 1007 3324 τροπή.
1045 3247 1128 3306 hinc

106 3335 226 3412 spolia
241 3339 347 3412 capta
361 3337 436 3394 fixa
450 3339 486 3395 iu
501 3337 696 3413 stipitibus
716 3336 952 3412 appellantur
964 3338 1126 3413 tropaea.

167 3437 246 3491 Non.
259 3454 294 3508 p.
311 3439 391 3505 55,8
414 3435 527 3508 tropaei
551 3433 772 3507 signihcantiam
793 3433 937 3502 propriam
962 3433 1054 3488 Varro
1082 3434 1127 3488 Bi·

65 3510 352 3649 gasgoffiendlt:
373 3527 428 3570 ideo
443 3545 472 3553 -
485 3530 590 3577 tropaea.
624 3509 661 3576 tf.
680 3506 755 3563 Snn.
775 3504 844 3558 Aen.
860 3507 982 3567 tostii).
1003 3505 1078 3557 ffl-
1091 3523 1133 3559 Μ
