2400 3824
202 141 345 195 Cornelius
364 141 467 211 Nepos.
503 143 533 195 L.
553 140 643 196 Cotta.
682 141 728 211 Sp.
748 142 872 197 Maecius
892 143 985 213 Tarpa
1035 143 1099 208 411

437 453 440 458 ,
474 386 518 469 L.
552 384 718 470 OOTTA

80 576 85 582 ·
157 553 272 619 amissit
292 552 325 604 L.
343 552 421 606 Cotta
439 553 492 618 otc,
511 553 559 620 aui
573 552 702 607 Suetonio
720 559 829 607 amatore
848 553 931 606 libros
946 552 990 606 De
1004 553 1102 607 litteris

79 623 249 692 syllabisque
271 629 296 676 et
314 624 358 677 De
381 625 473 677 metris
500 625 598 678 Ennio
622 631 719 692 poetae
746 624 924 688 abiudicavit,
952 626 1101 691 nescimus;

82 695 199 760 sortasse
216 711 273 748 non
291 695 365 748 atius
383 701 422 749 est
439 696 488 763 qui
505 713 522 748 a
542 694 671 750 Suetonio
690 697 762 749 atias
781 696 846 764 (Iul.
863 697 909 762 79)
927 701 1101 763 memoratur,

79 782 250 833 quamquam
268 771 292 819 et
310 766 345 820 L.
362 767 569 820 Aurunculeius
584 767 663 822 Oatta
678 767 803 822 Caesaris
822 768 927 836 leuatus
940 783 994 821 esse
1004 773 1101 835 potest,

81 837 107 890 is
126 839 174 904 qui
191 837 276 890 nieme
294 854 319 890 a.
336 836 601 908 7oot54-701t53
619 840 650 891 in
672 838 767 892 Gallia
786 839 944 904 interfectus
957 844 1004 903 est,
1022 838 1101 892 onius

78 908 148 974 περὶ
161 916 211 975 τῆς
219 905 362 976 Ῥωμαίων
377 905 519 972 πολιτείας
533 908 836 979 adyyoanaanooimms
850 910 958 977 (Athen.
970 913 996 975 6,
1010 913 1066 963 273
1074 913 1101 975 ⁶;

82 981 117 1044 os.
138 980 298 1044 Buecheler,
321 980 411 1034 Flecte.
437 981 550 1034 Janroo.
571 986 631 1034 111.
661 985 734 1034 1875
748 998 778 1048 p.
795 983 866 1048 136).
906 986 974 1034 certe
993 981 1101 1048 quidem

83 1051 117 1104 L.
135 1051 213 1105 douo
236 1052 365 1105 tribunus
383 1053 423 1120 pt.
444 1070 468 1105 a.
485 1052 602 1124 659s95,
628 1053 677 1120 qui
695 1070 713 1105 a
734 1052 859 1107 Oiaerone
882 1053 974 1119 (Brut.
990 1054 1055 1120 137)
1070 1053 1101 1104 in

78 1138 226 1176 numerum
239 1123 415 1176 mediocrium
429 1129 568 1177 oratorum
582 1124 708 1189 refertar,
723 1125 755 1187 ob
769 1130 890 1191 tempora
904 1140 960 1177 non
972 1124 1099 1192 quadrat.

433 1337 744 1404 FRAGMENTUM

149 1486 229 1561 quod
248 1506 307 1545 non
330 1487 406 1544 nulli
424 1487 549 1546 tradunt
572 1488 645 1546 duos
664 1488 755 1546 libros
775 1488 811 1547 do
830 1488 939 1546 litteris
960 1487 1099 1563 syllabis-

76 1594 148 1651 que,
175 1577 248 1633 item
272 1575 308 1632 de
331 1579 434 1634 metris
459 1576 496 1634 ab
520 1576 622 1634 eodem
647 1577 743 1634 Ennio
769 1571 882 1655 [poeta]
908 1576 1011 1651 editos,
1035 1577 1098 1634 iuro

79 1666 183 1742 arguit
201 1664 233 1722 L.
250 1664 338 1723 Cotta
357 1685 416 1724 non
435 1668 541 1740 poetae
558 1666 608 1724 sed
627 1667 800 1741 posterioris
815 1667 906 1723 Ennii
925 1684 996 1741 esse,
1015 1667 1099 1725 ouius

75 1756 172 1812 *stiam
191 1753 227 1810 de
251 1755 419 1831 augurandi
442 1754 601 1830 discipline
624 1755 777 1813 volumina
802 1755 946 1813 ferentur.

123 1853 224 1977 minet.
240 1854 273 1906 de
286 1871 400 1923 qramm.
412 1860 427 1907 1
442 1869 508 1906 nam
524 1868 585 1915 quod
598 1879 644 1907 non
657 1868 714 1906 nuni
729 1886 754 1892 -
768 1868 874 1907 aeranem.
902 1855 937 1920 af.
949 1854 1010 1908 Seu.
1021 1855 1098 1908 Eun.

70 1941 106 1992 p.
178 1967 182 1976 .

322 2184 393 2270 se.
427 2184 655 2271 mosmos
689 2184 862 2269 osnes

423 2389 461 2453 A.
479 2321 754 2454 'TESTIMONIA

75 2475 191 2529 ‘VITAE

151 2571 176 2618 1.
207 2565 264 2633 ‘So
286 2566 422 2619 Maecius’
444 2565 507 2632 Oia,
529 2566 677 2620 ‘Maecius’
695 2567 763 2619 Hor.
784 2568 866 2632 Suet,
891 2541 1010 2636 ‘Tarpa'
1027 2570 1097 2623 Hor.

80 2636 221 2690 ‘Maecius
243 2637 347 2704 Tarpa’
369 2638 514 2705 Porphyr,
541 2637 598 2705 ‘So
624 2637 751 2692 Maecius
778 2639 881 2707 Tarpa’
908 2640 988 2693 seinai.
1017 2641 1096 2708 amq.

73 2709 111 2846 {i}
121 2709 302 2834 dersdmdomme
316 2709 424 2761 iniuria
437 2707 634 2762 dubitationem
652 2711 735 2763 mouit
748 2709 866 2776 Jordan,
881 2711 996 2765 Hermes
1007 2715 1034 2777 8,
1045 2715 1098 2777 89,·

150 2873 177 2922 2.
207 2869 334 2923 Maecius
354 2887 380 2921 a.
401 2867 510 2939 699t55
533 2887 551 2923 a
574 2871 704 2937 Pompeio
727 2871 765 2923 ad
787 2870 955 2924 iudicandas
976 2869 1097 2936 fabulas,

74 2958 149 3009 quae
171 2941 203 2992 in
226 2941 300 2994 ludis
322 2941 440 2994 edendae
463 2947 562 3006 essent,
588 2940 703 2995 deiectus
727 2946 793 3005 (test.
813 2943 840 3009 3)
864 2943 959 2994 iunior
981 2943 1097 3012 triainta

76 3012 134 3078 fere
149 3013 233 3065 annis
247 3029 279 3064 ea
291 3019 378 3066 aetate
392 3029 445 3066 esse
459 3028 516 3064 non
527 3019 643 3079 poterat,
657 3029 741 3079 ireque
755 3020 846 3067 tamen
860 3014 945 3066 multo
959 3014 1058 3077 senior,
1072 3014 1098 3067 si

75 3083 188 3152 quidem
207 3084 282 3135 intra
302 3101 327 3136 a.
345 3083 597 3153 743t11-746ts,
620 3101 680 3136 erem
701 3085 837 3138 Horatius
856 3091 940 3138 artem
959 3085 1096 3152 poeticam

74 3156 202 3292 ,ἷοναιέὶείξῑ
227 3155 317 3278 midam
335 3172 445 3208 nmnere
468 3155 634 3224 funestatur
660 3157 725 3221 (test.
742 3159 768 3222 5)
795 3162 845 3209 aut
867 3156 978 3220 functus
996 3158 1098 3209 recenti

88 3243 107 3279 a
148 3243 161 3279 e
200 3243 244 3279 ore
262 3243 298 3278 a.

151 3318 175 3368 3.
206 3315 259 3369 Cic.
284 3317 321 3368 ad
343 3315 410 3380 fam.
428 3319 523 3379 7,1‚1
544 3315 581 3384 [a.
598 3314 717 3384 tootoo]
742 3313 822 3367 nobis
846 3316 939 3368 eutem
964 3316 1096 3368 erentes

75 3385 272 3455 perpetienda,
292 3403 363 3452 queo
383 3386 429 3454 Sp.
450 3385 574 3440 Maecius
593 3385 768 3454 probavisset
787 3385 837 3456 [ad
855 3386 1009 3456 theatrum]¹

150 3480 174 3528 4.
195 3475 264 3529 Hor.
279 3482 329 3529 sat.
347 3480 479 3541 1,10‚37
498 3475 568 3529 hooc
586 3492 639 3544 ego
653 3474 729 3538 ludo,
746 3475 759 3544 s
775 3490 848 3541 quse
866 3490 957 3542 noque
978 3474 1008 3526 in
1027 3474 1097 3528 sede

73 3548 179 3600 sonent
193 3546 332 3599 certantis
345 3546 439 3600 iudico
454 3546 555 3617 Tarpa.
587 3547 722 3618 Porphyr.
736 3547 806 3602 ibid.
820 3550 856 3601 38
869 3545 915 3599 elo,
926 3561 959 3598 so
967 3545 1007 3596 'xo
1018 3560 1113 3611 gem
