2400 3824
436 195 473 251 Μ.
493 195 640 250 Terentius
658 195 747 248 Varro
1036 193 1100 258 189

82 357 167 412 rebus
181 357 262 430 [ΙΙ-
269 357 314 410 VI
314 357 330 410 l
333 357 352 428 J,
372 357 495 410 secundo
509 372 593 424 quem
608 356 644 410 ad
658 356 773 410 modum
790 371 824 408 ea
838 355 868 408 in
883 372 963 409 casus
977 353 1100 408 declina-

82 430 180 482 rentur
198 429 296 500 [VIII
297 427 444 499 -ΧΙΠ],
470 428 554 482 tertio
574 445 658 496 quem
678 427 846 481 admodum
866 426 1102 494 coniungerentur

83 501 144 572 [XI
151 499 324 570 V-XXV].
357 499 396 552 id.
415 500 482 554 sbid.
498 503 525 566 8,
541 504 557 554 1
576 515 661 568 quom
680 498 770 552 oratio
790 497 875 581 [ratio
889 497 979 568 stoa]
998 499 1102 550 natura

81 571 228 640 tripertita
241 573 324 638 esset,
342 572 375 624 ut
389 570 580 641 superioribus
594 570 674 624 libris
688 568 809 637 ostend1,
828 569 906 622 cuius
925 568 1018 638 prima
1035 583 1101 636 pars

82 659 168 711 quem
182 642 348 697 admodum
361 641 499 697 vocabula
513 641 596 696 rebus
611 643 704 695 essent
717 641 852 710 imposita
882 641 951 694 ΙΙ-
959 639 1040 710 VIIJ,
1060 655 1101 693 se·
1181 657 1184 661 ·

83 713 427 782 cundaquopactodehis
438 711 860 767 declinetudiscriminafierent
887 711 1101 782 VIII-xlm,

81 786 169 839 tertia
201 787 233 838 ut
261 800 295 839 ea
322 784 397 838 inter
424 801 454 838 se
471 785 582 838 ratione
606 784 756 839 coniuncta
779 783 949 836 sententiam
972 781 1102 835 efferrent

83 857 149 927 [XI
151 857 273 911 V-XX
278 856 326 927 Π,
346 856 438 925 prima
452 857 533 924 parte
548 855 677 924 exposita
691 855 727 908 de
741 854 864 908 secunda
877 854 1013 923 incipiam
1027 853 1100 907 hino.

154 941 181 990 2.
208 937 246 990 id.
261 936 328 991 ibid.
344 939 396 1002 5‚1
416 935 551 1005 quemad
569 935 684 990 modum
701 934 839 990 vocabula
857 936 951 988 essent
968 932 1103 1002 imposita

82 1008 167 1062 rebus
185 1007 216 1060 in
234 1007 334 1077 lingua
351 1007 463 1073 Latina,
482 1023 531 1060 sex
548 1006 629 1060 libris
644 1023 782 1076 exponere
801 1006 920 1060 institui.
941 1006 976 1060 de
992 1004 1036 1058 his
1050 1005 1102 1058 trie

84 1081 150 1132 ante
169 1078 244 1134 hunc
262 1078 318 1133 feci
337 1094 406 1149 quos
421 1077 567 1148 Septumio
581 1077 654 1143 misi,
673 1076 820 1145 inquibus
835 1079 878 1130 est
892 1078 927 1131 de
942 1075 1102 1145 disciplina,

82 1166 170 1218 quam
195 1151 297 1204 vocant
322 1149 519 1219 ἐτυμολογικήν
545 1149 703 1222 [ΙΙ-17],
729 1164 802 1218 quae
825 1151 923 1202 contra
946 1164 1009 1201 eam
1028 1147 1103 1201 dice·

82 1223 189 1289 rentur,
212 1219 355 1274 volumine
377 1220 480 1290 primo,
509 1237 582 1291 quae
604 1237 656 1290 pro
680 1237 725 1288 ea,
750 1219 885 1286 secund03
909 1236 982 1288 quas
1006 1220 1041 1272 de
1060 1235 1102 1285 ea,

82 1293 176 1346 tertio.
196 1292 226 1344 in
244 1292 289 1345 his
308 1293 345 1346 ad
363 1295 392 1346 te
411 1293 589 1364 [Ciceronem]
609 1291 738 1346 scribam.

156 1377 180 1427 3.
209 1373 247 1426 id.
272 1372 338 1426 leid.
360 1376 454 1439 7,109
479 1387 566 1440 quare
589 1372 729 1426 institutis
753 1389 800 1425 sex
818 1370 899 1425 libris
928 1371 1012 1442 [ΙΙ-
1020 1370 1102 1442 VIl],

83 1459 169 1512 quem
183 1443 219 1497 cd
234 1444 350 1512 modum
362 1443 446 1498 rebus
459 1443 562 1497 Latina
580 1443 695 1497 nomina
709 1445 803 1498 essent
820 1442 955 1511 imposita
968 1442 1005 1495 ad
1021 1459 1103 1495 nsum

83 1517 219 1580 nostrum,
239 1531 254 1568 e
274 1515 337 1582 quis
355 1514 407 1568 tris
422 1514 521 1586 scripsi
540 1514 569 1568 P.
585 1513 730 1584 Septumio
745 1513 794 1583 qui
807 1513 879 1567 mihi
894 1513 949 1567 fuit
963 1515 1103 1582 quaestor,

82 1587 136 1640 tris
161 1585 216 1639 tibi
244 1586 407 1658 [Cicereia]
435 1603 553 1654 quorum
578 1586 625 1640 hic
648 1587 691 1640 est
713 1585 828 1653 tertius,
855 1585 962 1654 priores
986 1584 1021 1638 de
1047 1583 1104 1637 dis·

84 1657 191 1726 ciplina
209 1657 356 1712 verborum
375 1657 505 1726 originis,
527 1656 696 1726 posteriores
721 1656 756 1710 de
774 1656 920 1711 verborum
939 1655 1103 1724 originibus,

83 1729 114 1783 in
133 1728 191 1782 illis
215 1728 264 1796 qui
288 1730 354 1782 ante
378 1730 443 1782 sunt
465 1729 625 1800 [II—IV],
648 1729 677 1781 in
696 1729 788 1797 primo
806 1727 947 1782 volumine
970 1729 1012 1780 est
1031 1742 1104 1796 quae

85 1799 225 1866 dicantur,
246 1817 294 1853 cur
313 1800 494 1869 icvpotoysxrl
512 1816 604 1869 neque
623 1816 668 1853 ars
688 1800 725 1853 sit
743 1816 833 1868 neque
854 1815 888 1852 ea
905 1799 984 1851 utilis
1004 1798 1054 1864 sit,
1073 1798 1103 1850 in

84 1871 208 1925 secundo
227 1887 299 1939 quae
319 1871 384 1935 sint,
404 1888 453 1925 cur
468 1873 497 1924 et
511 1887 557 1924 ers
571 1887 605 1924 ea
624 1872 661 1924 sit
676 1872 704 1924 et
722 1869 802 1923 utilis
821 1869 933 1942 [stillis
948 1870 1043 1940 Flos]
1058 1868 1103 1936 sit,

83 1942 115 1996 in
133 1941 219 1995 tertio
239 1958 311 2010 quae
329 1941 421 1997 forma
439 1942 637 2010 etymologiae,
655 1942 684 1995 in
700 1941 829 1996 secundis
843 1940 933 1995 tribus
948 1941 1023 2011 [V-
1030 1940 1104 2011 VII]

84 2029 155 2083 quos
175 2014 212 2067 ad
229 2015 259 2068 te
278 2013 456 2085 [Ciceronem]
475 2015 541 2067 misi
558 2014 628 2068 item
646 2012 803 2083 generatim
823 2012 959 2080 discretis,
982 2012 1105 2080 primum

83 2084 115 2138 in
139 2101 194 2152 quo
218 2087 284 2138 sunt
303 2084 425 2154 origines
449 2084 596 2140 verborum
614 2085 739 2139 locorum
760 2087 789 2137 et
807 2101 903 2138 earum
920 2100 1013 2138 rerum
1032 2099 1104 2152 quae

83 2157 114 2209 in
133 2156 203 2210 locis
223 2173 283 2210 esse
303 2155 406 2223 solent,
433 2157 586 2210 secundum
609 2156 712 2224 quibus
735 2155 879 2210 vocabulis
900 2157 1029 2224 tempora
1047 2154 1105 2208 sint

83 2229 185 2282 notata
204 2229 233 2280 et
251 2243 301 2281 eae
319 2243 363 2280 res
382 2243 455 2296 quaa
473 2228 503 2281 in
517 2228 692 2299 temporibus
711 2227 790 2295 fiunt,
809 2227 910 2281 tertius
925 2227 981 2293 hic,
1000 2226 1031 2278 in
1049 2243 1104 2294 quo

84 2315 102 2352 a
120 2298 214 2368 poetis
228 2299 298 2352 item
317 2300 430 2368 sumpte
448 2301 481 2353 ut
498 2298 549 2352 illa
568 2315 641 2367 quae
660 2299 719 2352 dixi
737 2298 767 2351 in
786 2298 895 2352 duobus
912 2297 993 2352 libris
1012 2296 1105 2351 soluta

84 2369 220 2425 oratione.

157 2445 182 2495 4.
210 2442 248 2496 id.
273 2441 340 2496 ibid.
360 2446 419 2508 5,6
449 2441 571 2510 reperiet
599 2440 674 2495 enim
702 2457 763 2494 esse
791 2441 963 2495 commutata
991 2439 1105 2522 [verba],

83 2514 117 2567 nt
136 2511 167 2566 in
186 2512 376 2581 superioribus
396 2511 477 2566 libris
491 2513 595 2583 [ΙΙ-1
599 2513 635 2583 V]
656 2511 776 2579 ostendi,
795 2512 917 2565 maxime
931 2512 1046 2580 propter
1059 2510 1104 2563 bis

83 2586 238 2652 quaternas
258 2600 365 2638 causas.
386 2583 546 2638 litterarum
565 2584 640 2638 enim
658 2583 691 2636 fit
710 2583 872 2652 demptione
891 2584 941 2635 aut
959 2581 1105 2635 additione

84 2657 114 2708 et
128 2657 245 2724 propter
258 2671 355 2708 earum
368 2654 549 2710 tralationem
563 2655 775 2726 [tractationem
788 2655 886 2709 Flos„-
899 2670 947 2708 em.
958 2653 1034 2722 esp.
1045 2653 1103 2707 coll.

84 2727 164 2782 Rhe.
188 2728 227 2780 ad
247 2727 315 2781 Her.
339 2731 365 2792 4,
383 2727 433 2798 29]
466 2728 516 2780 aut
542 2725 803 2792 commutationem,
835 2725 904 2778 item
932 2723 1105 2793 syllabarum

84 2797 310 2869 [productione];
329 2813 402 2866 quae
421 2797 556 2866 quoniam
573 2798 604 2850 in
623 2797 812 2866 superioribus
831 2796 911 2850 libris
931 2795 1106 2850 cuiusmodi

84 2871 181 2922 essent
199 2867 335 2938 exemplis
355 2869 424 2922 satis
439 2868 637 2935 demonstravi,
656 2868 702 2923 hic
717 2867 932 2923 ammonendum
947 2883 1007 2921 esse
1021 2866 1105 2920 modo

82 2939 192 3010 putavi.
225 2942 260 3008 cf.
280 2941 346 3007 Leo,
366 2940 480 2996 Hermes
496 2945 543 3007 24,
556 2944 615 2994 289
633 2941 699 2994 uda.
715 2945 739 2994 5.
766 2942 864 2996 Usener
882 2941 899 2994 l.
915 2955 936 2994 c.
957 2957 986 3008 p.
1003 2943 1057 2993 625
1065 2955 1105 3009 eq,

158 3025 184 3074 5.
203 3021 241 3074 id.
256 3021 323 3076 ibid.
340 3025 368 3088 8,
380 3024 417 3076 24
436 3020 471 3074 de
490 3020 592 3090 quibus
610 3020 756 3088 utriusque
775 3021 886 3091 generis
905 3017 1106 3091 [ἀναλογίας

84 3099 109 3147 et
126 3089 336 3164 ἀνωμαλίας]
355 3091 592 3146 declinationibus
606 3091 693 3146 libros
706 3092 811 3146 faciam
825 3092 870 3146 bis
883 3093 986 3159 ternos,
1004 3091 1106 3160 prioris

83 3163 137 3216 tris
148 3193 191 3230 -,
206 3161 368 3232 posterioris
384 3164 579 3236 [XI-XIII]
595 3164 630 3217 de
640 3164 700 3217 cius
712 3163 880 3233 disciplinae
894 3163 1105 3232 propaginibus.

159 3248 185 3298 6.
204 3244 242 3298 sd.
262 3244 328 3299 ibid.
349 3247 410 3310 8,2
433 3244 468 3298 de
486 3243 603 3297 huiusce
621 3243 773 3312 multiplici
792 3245 895 3297 natura
913 3243 1106 3297 discriminum

84 3330 153 3369 orae
172 3317 238 3369 sunt
256 3315 319 3382 hae,
338 3317 430 3369 curet
449 3331 504 3382 quo
521 3317 551 3368 et
569 3330 651 3383 quem
666 3315 836 3368 admodum
854 3315 885 3368 in
898 3313 1039 3383 loquendo
1058 3315 1106 3368 de·

85 3386 195 3441 clinata
221 3389 286 3440 sunt
308 3386 402 3440 verba.
441 3387 476 3440 de
495 3384 598 3455 quibus
617 3386 673 3440 duo
690 3386 783 3455 prima
806 3385 915 3440 duabus
934 3385 1026 3440 causis
1043 3401 1108 3452 per-

85 3473 198 3512 curram
216 3457 346 3524 breviter,
365 3458 441 3527 quod
460 3459 489 3511 et
502 3459 574 3527 tum,
592 3473 659 3512 cum
672 3457 709 3512 de
723 3457 810 3530 copia
821 3456 981 3512 uerborum
990 3453 1135 3510 soricum,

85 3527 141 3582 erit
150 3529 360 3583 retractandum
375 3530 406 3583 et
414 3529 493 3598 quod
507 3530 544 3586 de
558 3529 655 3588 tribus
668 3531 798 3588 tertium
810 3529 896 3604 quod
907 3523 1068 3582 esthabeb
1078 3531 1154 3567 suaa

68 3596 228 3663 permultas
246 3613 281 3652 ao
297 3615 421 3670 magnae
438 3605 550 3672 partes,
