2400 3824
110 171 175 235 316
262 169 466 224 Grammaticae
486 169 588 222 aetatis
609 168 798 224 Varronianae
817 168 978 239 fragmenta

111 331 231 385 Munzer
256 331 418 401 (1155115515.
439 331 464 384 d.
488 332 539 400 Np.
560 330 586 383 ct.
609 329 866 398 Plin.p.147;cf.
890 331 925 396 fr.
942 331 998 398 61),
1025 331 1134 399 pariter

109 409 190 472 cique
208 420 241 457 eu
259 420 329 472 quaa
351 409 451 456 nouat
469 403 581 456 Plinius
600 419 627 454 n.
646 402 672 454 b.
693 406 786 468 7,114
813 402 846 454 de
867 407 962 455 5151555
980 402 1081 455 Ennii
1102 403 1134 454 in

109 474 437 600 {esmiffffipwium
464 474 619 527 constituta.
657 475 691 540 cf.
722 473 776 528 Oic.
800 489 855 542 pro
880 473 963 528 Arcb.
982 477 1031 528 22.
1072 473 1132 528 Vel.

146 562 192 600 aa.
231 587 239 612 ,
290 587 298 612 ,
331 577 391 599 —.

183 634 344 699 11111155.
373 649 430 702 qua
448 634 526 688 Laid.
556 649 640 701 quam
660 632 753 687 Paria.
774 633 838 688 Lat.
858 636 931 688 6797

586 769 650 826 301

176 875 299 935 Publius
312 873 469 935 Terentius
483 873 557 933 Afer
571 871 752 952 Carthagine
767 875 856 933 natus
875 875 1002 933 servivit
1016 874 1132 934 Romae

110 966 250 1024 Terentio
272 964 393 1024 Lucano
418 965 557 1037 senatori,
586 983 604 1021 a
627 981 686 1039 quo
710 963 747 1021 ob
771 962 924 1042 ingenium
948 966 979 1021 51
1001 963 1132 1022 formam

109 1072 170 1114 non
191 1056 349 1113 institutus
373 1053 460 1112 modo
483 1052 656 1126 liberaliter,
680 1052 731 1110 sed
751 1055 781 1111 et
804 1055 920 1110 mature
943 1070 1036 1110 manu
1061 1053 1130 1112 mis-

110 1162 158 1203 sus
191 1147 244 1203 est.
291 1143 414 1219 quidam
446 1145 567 1218 captum
599 1159 661 1200 esse
694 1141 874 1200 existimant.
904 1173 946 1182 -
979 1141 1029 1200 hic
1064 1161 1130 1201 cum

84 1252 95 1292 5
110 1233 213 1292 multis
228 1232 376 1292 nobilibus
391 1231 581 1290 familiariter
596 1229 679 1303 vixit,
697 1231 750 1289 sed
764 1231 892 1290 maxime
906 1250 974 1290 cum
988 1229 1130 1308 Scipione

109 1322 252 1380 Africano
277 1324 307 1380 et
331 1319 361 1379 0.
385 1320 497 1394 Laelio,
525 1320 632 1395 quibus
657 1319 747 1378 etiam
775 1320 907 1396 corporis
935 1320 1037 1398 gratia
1062 1340 1130 1381 con-

110 1411 227 1470 ciliatus
256 1411 444 1470 existimatur
473 1441 527 1483 —-,
552 1410 688 1484 quamvis
713 1442 753 1449 —
778 1409 900 1468 Porcius
928 1411 1130 1485 suspicionem

110 1500 145 1558 dc
168 1499 381 1558 consuetudine
409 1519 463 1575 per
488 1499 562 1557 haec
588 1498 682 1556 faciat
710 1491 761 1578 [fr.
783 1492 830 1577 4]:
862 1493 945 1556 ‘dum
971 1499 1130 1558 lasciviam

110 1588 255 1647 nobilium
278 1591 308 1647 ot
335 1587 438 1647 laudes
465 1589 583 1646 fucosas
610 1587 700 1662 petit,
726 1579 740 1667 s
765 1588 835 1645 dum
858 1587 995 1646 Africani
1025 1608 1130 1648 vocem

71 1699 96 1738 ro
110 1677 243 1737 divinam
266 1677 363 1736 inhiat
387 1677 482 1737 avidis
506 1676 640 1747 auribus,
661 1669 675 1754 l
695 1676 766 1735 dum
789 1677 827 1735 ad
850 1675 972 1736 Philum
995 1695 1027 1737 se
1052 1679 1129 1737 ceni-

110 1771 174 1827 tare
198 1770 228 1826 et
250 1766 386 1826 Laelium
409 1766 567 1842 pulchrum
590 1766 687 1841 putat,
712 1757 727 1843 l
751 1765 822 1824 dum
845 1785 876 1825 55
900 1766 1007 1826 abhis
1033 1767 1131 1826 amari

110 1855 213 1931 credit,
237 1856 338 1916 crebro
362 1857 393 1913 in
412 1854 562 1914 Albanum
585 1853 651 1931 rapi
670 1848 685 1933 1
706 1886 943 1916 ........
966 1855 1003 1914 ob
1025 1856 1131 1916 florem

110 1946 218 2004 aetatis
242 1965 327 2020 suae,
356 1937 371 2024 J
399 1947 469 2020 post
491 1944 616 2003 sublatis
644 1944 731 2004 rebus
756 1944 793 2002 ad
817 1961 963 2003 summam
992 1945 1130 2023 inopiam

109 2035 247 2094 redactus
271 2037 323 2094 est.
343 2028 360 2112 s
378 2034 479 2110 itaque
500 2053 535 2092 ex
554 2036 714 2109 conspectu
738 2035 869 2092 omnium
890 2033 966 2093 abiit
985 2033 1131 2094 Graeciae

71 2145 96 2185 15
110 2126 142 2182 in
165 2127 276 2182 terram
298 2124 445 2183 ultimam.
471 2116 485 2202 s
508 2125 657 2182 mortuust
680 2121 860 2200 Stymphali,
883 2122 1031 2182 Arcadiae
1055 2119 1131 2204 (in)

110 2213 229 2289 oppido,
273 2214 316 2271 nil
338 2204 523 2291 P<ub1i0>s
544 2212 643 2287 Scipio
666 2212 793 2288 profuit,
823 2213 899 2272 nihil
925 2213 973 2270 illi
996 2213 1131 2288 Laelius,

110 2303 154 2360 nil
177 2301 298 2377 Furius,
317 2295 332 2381 l
352 2305 412 2360 tres
436 2321 489 2378 per
511 2303 591 2361 idem
613 2304 733 2378 tempus
756 2302 809 2378 qui
833 2301 991 2380 agitabant
1013 2303 1131 2363 nobiles

109 2392 267 2451 facillime:
294 2384 310 2471 1
337 2411 438 2450 eorum
465 2391 517 2450 1115
545 2410 635 2467 opera
661 2411 698 2450 ne
726 2391 845 2450 domum
873 2391 994 2468 quidem
1022 2391 1131 2452 habuit

111 2480 337 2556 conducticiam,
357 2472 372 2561 s
392 2481 498 2540 saltem
516 2481 551 2538 ut
569 2482 647 2540 esset
661 2500 721 2557 quo
739 2481 864 2540 referret
881 2480 995 2539 obitum
1015 2481 1132 2541 domini

70 2591 96 2631 ac
111 2563 268 2630 servulus'.
293 2569 413 2646 scripsit
422 2569 589 2629 comoedias
604 2588 663 2644 sex,
677 2569 830 2646 exquibus
844 2569 972 2646 primam
982 2569 1131 2630 Andriam

111 2680 177 2719 cum
192 2659 338 2719 aedilibus
355 2659 448 2733 daret,
466 2659 563 2718 iussus
578 2661 647 2718 ante
662 2657 791 2718 Caecilio
810 2660 944 2733 recitare,
963 2659 1002 2717 ad
1022 2679 1132 2721 canan·

110 2753 170 2808 tem
199 2768 266 2807 cum
289 2750 427 2823 venisset,
459 2749 569 2806 dicitur
595 2749 716 2806 initium
745 2748 864 2824 quidem
890 2748 1020 2823 fabulae,
1050 2750 1131 2825 quod

111 2841 176 2897 erat
195 2839 409 2913 contemptiore
428 2839 548 2911 vestitu,
571 2836 712 2897 subsellio
730 2837 814 2896 iuxta
833 2837 975 2896 lectulum
994 2839 1130 2898 residens

111 2929 227 3005 legisse,
258 2931 326 3003 post
352 2946 464 3002 paucos
487 2945 558 2986 vero
581 2945 684 2986 versus
711 2927 856 2986 invitatus
884 2929 919 2986 ut
942 2927 1132 2988 accumberet

71 3037 97 3077 55
112 3033 231 3076 cenasse
260 3035 334 3090 una,
367 3016 435 3074 dein
466 3018 564 3075 cetera
593 3016 810 3092 percucurrisse
838 3035 897 3076 non
925 3015 987 3076 sine
1018 3036 1131 3096 magna

113 3105 235 3165 (15551111
259 3105 462 3164 admiratione.
509 3107 540 3164 51
561 3105 639 3164 hauc
662 3107 761 3164 autem
786 3108 815 3163 et
839 3105 970 3181 quinque
996 3106 1130 3183 reliquas

112 3195 277 3272 aequaliter
295 3195 406 3272 populo
424 3193 577 3270 probavit,
599 3196 734 3270 quamvis
748 3195 906 3254 Volcacius
924 3196 957 3253 in
975 3214 1131 3256 enumera-

110 3284 192 3344 tione
216 3285 348 3344 omnium
371 3285 416 3342 ita
439 3283 549 3342 scribat
577 3277 628 3362 [fr.
648 3279 697 3363 2]:
729 3279 877 3342 ‘sumetur
898 3283 1019 3360 Hecyra
1046 3289 1131 3344 sexta

113 3374 197 3432 exilis
220 3368 344 3431 fabula'.
381 3373 541 3432 Eunuchus
565 3373 686 3448 quidem
707 3371 753 3432 bis
777 3372 824 3432 die
848 3375 916 3432 acta
939 3375 984 3433 est
1006 3377 1130 3434 meruit-

64 3482 94 3520 so
108 3482 167 3537 que
189 3464 337 3538 pretium,
369 3464 513 3538 quantum
541 3462 625 3520 nulla
652 3465 742 3521 antea
765 3464 939 3538 cuiusquam
966 3463 1131 3539 comoedia,

68 3550 126 3600 ,id
163 3555 212 3614 est
250 3556 321 3618 0020
358 3555 448 3620 milia
491 3573 693 3620 nummorum.
738 3585 777 3595 -
821 3571 896 3614 uam
930 3551 1131 3630 bdelphemm
