2400 3824
451 159 478 215 C.
497 161 611 215 Asinius
631 161 721 216 Pollio
1026 166 1091 230 497

147 320 213 375 Getl.
230 327 274 386 10,
289 326 333 389 26,
348 327 364 376 1
383 335 463 377 namo
477 337 574 376 romoni
588 355 614 362 -
627 340 793 388 ammaum
820 326 943 392 sequitur
960 325 1092 393 refutatio

70 391 173 530 wig
200 394 239 518 c6f5
255 393 329 447 Nou.
347 411 375 461 p.
390 398 454 460 452,
468 399 513 448 28.
551 395 583 448 de
607 397 663 448 loeo
687 395 721 461 cf.
742 397 941 462 Kretrsobmer,
965 397 997 451 de
1022 399 1089 453 cett.

144 567 159 614 2
179 561 295 616 salustio
304 563 344 634 sss
354 562 436 630 iquis
456 565 548 618 Poris.
582 563 748 634 salll)usti(i)
767 564 805 618 in.
825 567 881 619 rell.
973 571 989 618 6
1008 567 1090 635 posui

76 633 150 687 Voce.
170 633 235 688 Lat.
254 634 285 688 F
297 639 352 688 112
370 635 468 704 Βορέῃ.
484 639 538 689 597
555 640 624 689 ru2
646 635 742 704 posuit
765 638 821 690 rell.
914 642 948 689 10
971 653 1005 690 ac
1023 637 1089 692 inde

70 704 139 771 quin
159 706 220 773 (seq.
234 706 300 772 tra,
318 707 392 760 uude
410 705 494 775 infra)
515 706 588 761 Nou.
672 713 705 759 14
725 707 857 761 dicuntur
870 709 994 776 plerique
1012 711 1088 764 codd.

339 919 389 971 EX
408 918 593 973 ORATIONE
612 919 684 975 PRO
704 920 820 974 LAMIA

302 1116 321 1143 ‘
359 1055 379 1111 3
404 1047 452 1131 [p.
469 1055 534 1111 492
558 1045 668 1112 ΟΕ]Μ
682 1048 798 1132 Meyer]

136 1161 263 1234 itaque
300 1179 491 1234 numquam
527 1180 589 1235 per
627 1159 832 1220 Ciceronem
867 1181 964 1220 mora
1000 1164 1086 1239 fuit,

67 1250 157 1325 quin
181 1251 341 1307 eiuraret
364 1267 445 1307 suas
471 1243 589 1328 [esse],
621 1269 706 1324 quus
731 1250 965 1325 cupidissime
993 1253 1086 1310 effu·

67 1339 187 1412 derat,
228 1340 415 1397 orationes
457 1340 494 1396 in
534 1338 745 1414 Antonium,
787 1340 1085 1416 multiplicesque

66 1446 212 1486 numero
250 1431 285 1486 et
322 1430 528 1486 accuratius
570 1431 727 1503 scriptas
764 1429 842 1487 illis
880 1433 1084 1490 contrarias

66 1517 171 1575 edere
204 1534 242 1574 ac
273 1516 330 1575 vel
362 1519 439 1591 ipse
473 1517 593 1592 palam
624 1536 687 1592 pro
721 1520 890 1576 contione
926 1521 1084 1578 recitare

64 1605 323 1681 pollicebatur.

137 1702 198 1758 Sera.
217 1720 291 1757 suas.
307 1708 383 1769 6,15
401 1702 492 1757 Pollio
512 1735 545 1744 -
565 1703 637 1757 dixit
660 1703 690 1756 in
710 1705 900 1772 sacratione,
924 1722 1010 1774 quam
1032 1724 1083 1776 pro

64 1775 163 1828 Lamia
183 1773 281 1828 edidit.
300 1774 381 1828 Asini
399 1774 547 1829 Pollionis:
566 1791 642 1838 ltaque
656 1808 683 1815 —
696 1791 850 1838 pollicebatur.

136 1879 151 1925 2
172 1888 231 1925 esse
249 1875 308 1927 secl.
329 1874 484 1928 HMueller

451 2068 500 2122 EX
518 2067 696 2123 HISTORIIS

134 2193 169 2258 cf.
189 2194 420 2260 EKoruemaurr,
438 2195 483 2248 dte
500 2194 562 2248 latet.
581 2194 715 2261 Schriftst.
736 2195 762 2248 d.
777 2195 826 2249 Ar.
846 2196 916 2249 Poll.
936 2197 968 2248 iu
988 2196 1079 2251 roret.

60 2265 175 2318 Jahrbb.
203 2266 292 2333 sarept.
311 2269 349 2320 22
377 2267 470 2334 (1896)
493 2282 524 2334 p.
545 2269 599 2320 555
610 2283 648 2334 sq.
699 2266 791 2333 Peter,
823 2267 885 2321 bist.
914 2267 992 2322 Rom.
1021 2270 1078 2322 rell.

61 2337 151 2406 (Lips.
167 2340 250 2405 1906)
265 2355 295 2405 p.
310 2336 508 2404 LXXXVeq.

411 2473 430 2526 4
455 2462 570 2547 [Hcs
590 2471 609 2527 5
632 2463 728 2548 rerer]

128 2575 270 2651 quoniam
297 2578 329 2634 in
356 2575 433 2635 hanc
460 2577 626 2634 suasoriam
655 2576 827 2650 incidimus
859 2595 919 2635 non
947 2576 1078 2635 alienum

58 2666 134 2741 puto
157 2665 298 2739 indicare,
326 2663 474 2740 quomodo
499 2667 625 2740 quisque
649 2683 679 2722 se
703 2684 737 2723 ex
760 2665 910 2724 historicis
934 2665 1076 2725 adversus

58 2755 234 2812 memoriam
259 2753 407 2812 Ciceronis
438 2755 570 2830 gesserit.
616 2772 686 2811 nam
711 2754 783 2828 quin
807 2752 908 2813 Cicero
936 2772 990 2812 nec
1012 2757 1076 2814 tam

57 2842 183 2901 timidus
211 2844 302 2900 fuerit
325 2845 360 2900 ut
387 2847 508 2919 rogaret
529 2842 708 2916 Antonium,
738 2861 792 2900 nec
814 2845 877 2901 tam
905 2845 1016 2902 stultus
1040 2848 1075 2903 ut

59 2933 177 2991 exorari
199 2951 285 3007 posse
309 2951 377 2990 eum
401 2934 542 3006 speraret,
572 2950 658 2989 nemo
683 2931 802 2990 dubitat
825 2935 945 3008 excepto
968 2931 1074 2992 Asinio
1102 2947 1114 2988 s

57 3021 204 3095 Pollione,
231 3023 283 3096 qui
306 3021 515 3079 infestissimus
539 3022 637 3078 fernae
662 3019 810 3080 Ciceronis
833 3023 1006 3096 permansit.
1033 3054 1071 3062 —

57 3110 266 3184 adieceratque
289 3110 335 3168 his
361 3103 412 3188 [fr.
433 3104 466 3188 3]
492 3110 553 3168 alia
576 3109 743 3168 sordidiora
765 3111 869 3185 multe,
893 3114 928 3169 ut
951 3110 1074 3170 cuilibet

55 3199 145 3258 facile
176 3200 304 3274 liqueret
330 3199 386 3257 hoc
412 3202 512 3257 totum
541 3198 613 3257 adeo
641 3199 751 3257 falsum
779 3217 854 3274 esse,
888 3203 921 3258 ut
948 3219 985 3258 ne
1008 3200 1072 3275 ipse

56 3287 177 3364 quidem
196 3288 292 3346 Pollio
316 3288 348 3346 in
366 3287 499 3346 historiis
523 3288 584 3346 suis
603 3307 711 3363 ponere
735 3306 824 3347 ausus
846 3291 893 3347 sit.
912 3288 1071 3348 —Pollio

55 3395 176 3454 quoque
209 3376 345 3452 AsiniuS,
383 3379 436 3454 qui
458 3377 581 3435 Verrem
611 3376 761 3435 Ciceronis
793 3396 876 3435 reum
908 3377 1070 3437 fortissime
1086 3392 1112 3432 ιο

53 3467 233 3526 morientem
259 3466 398 3539 tradidit,
429 3465 578 3525 Ciceronis
608 3469 734 3524 mortem
762 3467 842 3525 solus
870 3486 905 3525 ex
932 3466 1070 3525 omnibus

52 3555 187 3632 maligne
201 3559 313 3630 namot,
331 3555 536 3615 testimonium
554 3558 655 3614 tamen
669 3556 806 3630 quamvis
822 3555 934 3614 invitus
949 3557 1070 3631 plenum

108 3664 273 3706 Grammaticos
287 3664 403 3704 Romanae
416 3665 546 3714 fragmenta
566 3664 601 3705 ed.
614 3666 742 3706 iussum
825 3659 864 3707 Ὦ
