2400 3824
483 155 607 210 Cloatius
626 157 714 210 Verus

543 327 563 383 8
603 330 644 384 10

160 424 178 481 l.
197 423 255 482 IV.
302 442 373 480 nux
397 421 531 482 Graeca
554 319 751 502 artygdale.

165 522 289 576 Maercb.
305 525 426 588 3,18,8
448 538 505 574 nux
524 520 630 576 Graeca
648 521 718 576 haec
737 524 793 589 est,
817 539 890 591 quae
909 525 938 578 ct
957 523 1107 593 amygdalo

92 592 206 659 dicitur,
229 593 278 647 sed
298 594 327 646 et
345 591 450 646 Thasio
468 593 567 646 eadem
585 611 642 646 nux
661 595 783 648 vocatur.
820 594 901 648 testis
920 598 964 649 est
983 593 1106 648 Cloatius

92 666 122 717 in
145 664 337 718 ordinatorum
356 662 525 718 Graecorum
543 664 615 719 libro
634 668 747 733 quarto,
767 683 830 720 cum
849 666 890 719 sic
909 666 961 720 ait:
985 691 1033 720 nux
1048 679 1107 720 (1.1.

89 737 126 802 cf.
142 737 217 790 Ptin.
236 753 263 789 n.
278 736 304 789 11.
320 739 364 802 15,
379 740 422 790 89.
456 735 529 790 Serv.
548 741 690 808 9.1,187.
724 739 782 792 bec.
796 741 825 804 2,
839 741 883 791 52.
916 738 1002 793 Setol.
1022 739 1106 792 Bere.

89 826 115 876 ρ.
131 808 198 862 ecee.
216 808 286 862 nee
305 824 344 863 or.
364 812 408 873 17,
422 812 448 873 7,
461 811 505 862 aa.
545 807 834 875 OGL111264‚14.

158 1037 294 1097 Africa
323 1037 447 1097 albula
476 1038 675 1099 arundinea
706 1040 903 1114 asinastra,
937 1042 1017 1098 atra
1044 1058 1106 1113 pa·

91 1127 205 1202 lusca,
228 1127 392 1204 Augusta
415 1126 532 1186 bifera
557 1127 696 1203 Carica,
720 1129 861 1187 caldica
884 1129 966 1188 alba
988 1128 1106 1206 nigra,

92 1215 179 1275 Chia
202 1215 284 1274 alba
307 1219 426 1294 nigra,
457 1216 703 1292 Calpurniana
731 1217 813 1276 alba
836 1218 954 1300 nigra,
982 1235 1106 1276 cucur·

88 1305 207 1364 bitiva
230 1305 417 1365 duriccris
439 1305 665 1365 Herculanea
688 1305 843 1366 Liviana
865 1307 966 1365 ludia
988 1306 1105 1382 lepto-

89 1394 191 1453 ludia
204 1394 360 1454 Marsica
373 1395 567 1455 Numidica
584 1397 686 1472 pulla
704 1396 922 1472 Pompeiana
940 1408 1132 1472 praecem

90 1484 241 1542 Tellena
265 1485 351 1541 atra.

161 1583 287 1637 Mcercb.
302 1585 328 1648 3,
342 1587 419 1648 20,1
442 1583 594 1636 admonent
616 1601 667 1637 nos
686 1585 715 1636 et
738 1583 784 1637 fici
808 1583 917 1651 cridae,
941 1586 974 1637 ut
992 1600 1104 1638 enume-

88 1671 182 1707 remus
206 1669 312 1720 genera
336 1654 452 1707 ficorum
477 1654 575 1707 eodem
599 1653 708 1708 Cloatio
731 1672 782 1709 nos
806 1655 840 1708 de
863 1655 908 1708 his
931 1657 963 1708 ut
986 1655 1021 1708 de
1040 1654 1105 1708 aliie

89 1725 253 1778 instruente.
277 1725 317 1778 sic
336 1725 411 1777 euim
431 1725 554 1778 diversas
572 1725 638 1780 ficos
658 1725 824 1794 diligentiae
843 1744 909 1780 suae
928 1743 1004 1781 more
1024 1726 1104 1780 dinu-

88 1799 191 1849 merat:
210 1809 290 1850 aeica
307 1828 334 1835 —
352 1813 406 1850 aua.
443 1796 477 1863 ef.
497 1797 566 1851 Isia,
586 1813 625 1851 oe.
646 1802 689 1862 17,
704 1801 730 1864 7,
745 1801 788 1852 17.

160 1899 176 1946 4
195 1893 325 1959 1111111111
349 1895 434 1949 Vatie.
524 1899 539 1947 5
558 1895 672 1949 numica
691 1895 784 1950 Paris.

527 2031 568 2086 10
593 2021 664 2106 [12]

154 2125 388 2185 Anicianum
424 2125 691 2185 cucurbitivum
723 2127 906 2184 cirritum
943 2128 1103 2187 cervisea

87 2215 309 2273 calculosum
341 2214 608 2274 Crustuminum
638 2215 860 2274 decimanum
890 2214 1103 2274 Graeculum

88 2303 297 2361 Lollianum
328 2304 571 2363 Lanuuinum
607 2304 770 2362 laureum
804 2303 1103 2363 Lateresianum

87 2395 287 2468 myrapium
320 2393 502 2452 Milesium
538 2396 714 2452 murteum
749 2393 973 2451 Naevianum
1007 2393 1103 2452 orbi-

88 2482 248 2539 culatum
274 2481 510 2540 Praecianum
537 2481 655 2540 rubile
683 2481 872 2559 Signinum
895 2482 1103 2541 Tullianum

87 2569 274 2628 Titianum
291 2571 507 2645 thymosum,
530 2571 795 2628 Turranianum
812 2590 980 2646 praecox,
1003 2571 1102 2631 vole-

86 2679 191 2735 mum3
212 2659 401 2734 mespilum
420 2679 548 2734 serum,
567 2662 803 2719 sementivum
822 2678 952 2734 serum,
971 2661 1101 2719 Taren·

86 2751 203 2805 tinum
226 2766 355 2822 serum,
378 2747 612 2807 Valerianum
635 2766 758 2807 serum.

159 2849 283 2902 Moerct.
299 2851 417 2914 3,19,6
460 2847 503 2899 ira
520 2879 547 2886 -
564 2847 685 2900 varietas
709 2847 854 2901 nominum
876 2863 1025 2902 numerosa
1045 2847 1101 2901 dis-

85 2917 191 2983 cemit3
232 2936 298 2971 nam
325 2919 402 2973 idem
452 2918 555 2972 loatius
585 2917 626 2972 sic
658 2934 754 2972 eorum
784 2919 923 2972 vocabula
954 2918 1100 2974 describit:

85 3002 222 3042 Anicianum
240 3023 267 3029 -
284 3016 363 3045 sctum.
399 2990 433 3056 cf.
454 2991 522 3044 ISid.
542 3005 581 3043 or.
601 2994 645 3055 17,
661 2994 743 3056 7,15.

84 3189 103 3240 3
125 3115 271 3239 20f02m⁸⁸⁰
280 3133 313 3169 ea
324 3115 429 3170 OEoatic
442 3116 562 3170 oleorum
572 3133 675 3184 quoque
689 3116 855 3170 enumeratio
869 3115 959 3182 flexit,
975 3115 1101 3170 Maercb.

103 3227 111 3252 ,
163 3228 172 3252 ,
207 3229 212 3238 .

441 3363 625 3420 INOERTAE
645 3363 746 3418 SEDIS

155 3507 215 3542 eura
237 3497 332 3545 neuter
354 3491 430 3559 liter,
455 3509 536 3562 quem
554 3493 699 3559 uidimus,
722 3491 765 3546 ot
784 3491 898 3562 qtossos
917 3496 997 3549 qaue
1013 3475 1156 3538 secwocssf

69 3561 291 3615 acommodatus
308 3579 365 3618 esse
383 3565 529 3636 videatur,
554 3568 679 3623 tertium
704 3564 840 3621 extitisse
864 3545 1095 3611 tautameos*
1112 3529 1187 3580 (μ’
