2400 3824
255 175 282 229 O.
303 175 451 229 Maecenas
470 175 608 230 Melissus.
642 175 785 231 Cornelius
804 178 909 231 Balbus
1029 180 1092 242 541

451 336 722 402 FRAGMENTA

457 463 717 518 ΕΞΗΓΗΤΙΚΩΝ

148 549 274 618 ἐξήγησις
288 556 377 618 potest
390 550 512 619 intellepi
525 557 580 603 tarn
594 551 738 617 pontificio
752 552 794 619 (ut
807 551 884 618 opud
899 551 971 616 fona
987 552 1094 607 Graeco

76 621 207 690 ἐξηγηταὶ
235 627 314 675 nant
340 621 505 690 religionum
527 622 694 689 interpretes)
724 639 805 690 quoin
832 623 1020 690 prauumue.
1065 625 1094 677 lu‘

76 694 244 762 ἐξηγητικῶν
263 693 336 757 libri,
354 693 380 745 si
393 709 450 747 non
463 709 543 746 uerus
553 694 736 761 propriusque
756 693 870 764 Vergilii
886 695 1094 748 counienterins

74 767 197 831 fuerunt,
214 764 387 832 Vergilianas
401 765 570 832 quaestiones
584 766 704 832 amplexi
717 781 771 818 esse
784 765 912 819 eicientur
922 765 966 832 (cf.
976 766 1012 831 fr.
1023 771 1047 818 1.
1055 767 1093 834 2).

75 836 148 905 quod
166 838 193 890 si
210 836 252 888 ito
270 842 316 899 est,
337 835 487 901 Cornelius,
505 836 553 903 qui
571 837 652 902 infr.
668 839 685 888 3
704 836 811 906 legitur,
830 836 901 889 idern
915 837 1023 889 Balbus
1041 853 1094 890 esse

73 914 163 976 potest
181 908 225 974 (ef.
246 906 378 971 Ribbeck,
392 908 493 976 proleg.
514 907 553 960 od
572 909 647 976 Verp.
662 924 693 975 p.
712 908 767 972 28).
812 908 896 961 inulto
915 909 1044 962 incertior
1062 908 1095 961 ce

75 981 140 1046 fri
154 994 196 1032 res
210 984 262 1042 est;
280 978 305 1030 si
319 983 410 1030 tumen
419 994 473 1046 pro
490 978 608 1032 Cornuto
623 977 792 1032 Scboliornrn
807 979 892 1032 Bern.
907 985 932 1032 et
948 979 1094 1045 Cornificio

76 1050 251 1120 Ptiiurpprii
267 1055 335 1102 recte
354 1049 496 1103 Cornelius
513 1050 655 1103 restitutus
669 1056 714 1114 est,
734 1055 924 1118 argurrcentnrn
942 1051 1038 1104 unctius
1056 1051 1095 1104 oet

76 1122 233 1177 Cornelium
248 1120 369 1174 Bulbum
388 1137 471 1188 quarn
489 1121 527 1174 cci
542 1120 698 1174 Cornelium
714 1121 827 1175 Gallum
841 1121 890 1190 (sic
903 1123 962 1175 cult
976 1121 1094 1176 Ribbeck

74 1193 142 1246 ibici.
159 1210 187 1260 p.
203 1193 249 1260 97)
269 1192 396 1260 onomat.
416 1192 531 1260 deniqne
549 1193 581 1245 cle
594 1194 630 1258 fr.
642 1196 667 1256 5,
686 1191 759 1259 qnod
776 1192 891 1257 fortusse
909 1211 928 1246 a
942 1193 1094 1261 Pornponio

75 1265 162 1317 Laeto
190 1280 223 1316 eu
246 1264 333 1317 Probi
353 1263 462 1317 scholiis
485 1264 704 1332 locupletioribus
727 1264 857 1318 lraustnni
882 1271 928 1329 est,
954 1265 988 1330 cf.
1008 1265 1094 1330 Jahn,

75 1334 239 1460 {mimica
264 1335 339 1388 Pers.
363 1335 509 1389 CXLVII
528 1335 646 1401 oin.1;
669 1335 701 1388 cie
724 1334 795 1389 Sere.
821 1335 1092 1405 Darc.p.1,12ef.

104 1408 130 1460 ib
149 1423 176 1459 ee
208 1423 238 1474 p.
256 1409 301 1460 27.
635 1423 637 1429 ⁸

572 1489 589 1542 1

143 1585 190 1641 tib.
211 1583 340 1640 XVIII.
388 1577 476 1640 ‘hacc
499 1582 549 1640 ubi
573 1583 665 1657 dicta,
697 1583 787 1658 dapes
810 1583 893 1642 iubet
916 1586 946 1641 et
974 1583 1094 1642 sublata

74 1675 180 1748 reponi
213 1667 227 1748 s
260 1672 367 1746 pocula
404 1672 615 1748 gramineoque
656 1673 737 1730 viros
777 1673 857 1730 locat
893 1674 956 1747 ipse
994 1667 1092 1732 sedili'

79 1756 166 1840 [Aeni.
188 1755 325 1839 8‚175].
372 1779 431 1818 nou
452 1764 541 1818 vacat
560 1761 639 1836 quod
658 1761 733 1819 dixit
756 1761 854 1839 sedili,
878 1781 949 1820 nam
971 1762 1093 1838 propria

79 1850 247 1910 observatio
280 1853 325 1908 est
356 1851 389 1906 in
420 1849 557 1907 Herculis
595 1850 685 1908 sacris
722 1851 839 1926 epulari
876 1851 1026 1925 sedentes,
1063 1855 1094 1910 et

76 1939 231 1998 Cornelius
249 1939 361 1996 Balbus
385 1936 564 2017 ε’ξηγῃτικῶν
587 1939 663 1997 libro
688 1941 925 1998 octavodecimo
950 1942 993 1998 ait
1012 1941 1119 2015 apudc

76 2048 160 2087 aram
183 2029 344 2085 maximam
367 2028 565 2104 observatum,
589 2047 626 2085 ne
650 2028 865 2086 lectisternium
887 2029 948 2088 fiat.

149 2119 274 2172 Macrob.
295 2121 320 2183 3,
340 2122 417 2183 6,16
434 2133 490 2171 haec
504 2132 544 2171 ubi
557 2149 584 2156 —
598 2132 643 2171 fiat.
671 2120 706 2184 Cf.
726 2118 798 2173 Serv.
819 2120 887 2172 Aen.
906 2123 1010 2184 8,176.

148 2221 163 2267 5
183 2215 367 2283 exhegeticon
457 2214 509 2286 ait]
529 2216 571 2268 ita
589 2217 688 2270 Banb.
708 2215 738 2268 id
757 2217 849 2270 Paris.

144 2445 298 2504 Cornelius
334 2446 446 2504 Balbus
484 2447 689 2521 Hymenaeum
727 2449 771 2504 ait
806 2447 955 2524 Magnetis
996 2447 1091 2505 filium

75 2536 206 2593 musicae
226 2537 300 2594 artis
318 2535 448 2610 peritum
466 2535 687 2610 pulchritudine
711 2535 858 2609 muliebri,
882 2536 952 2593 dum
970 2537 1091 2612 nuptias

75 2624 176 2682 Liberi
199 2624 293 2700 patris
318 2626 347 2682 et
370 2623 517 2682 Althaeae
544 2625 692 2701 religiosis
716 2624 853 2684 cantibus
877 2625 1014 2699 celebrat,
1044 2645 1091 2683 ex-

76 2716 217 2788 spirasse,
240 2715 363 2788 propter
382 2713 462 2788 quod
480 2713 507 2771 ei
525 2714 596 2772 talis
619 2713 713 2773 honor
736 2714 767 2771 in
788 2715 902 2789 nuptiis
922 2714 1091 2774 adtributus

75 2806 134 2874 est,
164 2805 199 2859 ut
229 2801 388 2861 celebratio
418 2804 546 2860 nominis
576 2802 638 2860 eius
668 2804 841 2878 nuptiarum
873 2803 1117 2880 iungendarums

75 2895 252 2967 perpetuum
276 2911 361 2949 omen
384 2894 468 2950 esset.

148 2972 221 3026 Sero.
241 2973 317 3026 Dan.
337 2973 406 3026 Aen.
426 2976 521 3038 4,127
545 2972 602 3024 ‘hic
625 2971 803 3040 Hymenaeus
828 2972 892 3026 erit'
918 2973 948 3026 id
972 2976 1015 3028 est
1037 2975 1090 3028 hae

76 3046 159 3097 erunt
177 3043 302 3111 nuptiae.
325 3075 353 3082 —-
376 3056 490 3098 Cornelius
508 3076 534 3082 -
548 3061 608 3098 esset.

149 3147 164 3194 6
184 3156 266 3194 omen
287 3142 452 3195 Mescinius:
473 3157 574 3195 nomen

526 3283 638 3336 DUBIA

576 3393 597 3448 3

138 3482 268 3565 Ne<rine
279 3488 505 3562 patronymioon
516 3486 659 3546 Graecum
670 3491 722 3548 est.
746 3489 834 3548 aliter
844 3484 1019 3565 Cornelius>
1029 3485 1089 3564 epi·

75 3577 179 3636 theton
199 3577 272 3634 dicit
286 3576 403 3650 Nerine,
422 3579 457 3635 ut
475 3576 639 3635 declararet
653 3573 827 3657 <Sicu>lam
846 3597 907 3638 esse
925 3577 1089 3637 Galateam.
