2400 3824
326 181 354 236 C.
375 175 506 236 Octavius
525 182 687 250 Lampadio¹
725 182 754 236 L.
774 182 875 236 Accius
1067 183 1110 247 23

88 342 195 408 REI,
208 347 280 412 142).
318 345 452 412 ceteroqui
478 343 511 397 dc
537 338 631 398 Accic'
650 349 726 414 gerite
751 344 928 409 Pisaurensi,
960 345 1053 410 caius,
1081 349 1113 397 at

88 415 209 539 ebidetur,
233 415 268 468 L.
284 414 364 468 Accii
381 421 464 482 poter
483 416 594 469 tibertus
616 415 717 480 fuerat,
736 415 771 480 cf.
789 415 841 469 Cic.
863 416 943 469 Brut.
959 419 1023 468 271.
1058 431 1111 483 pro

117 487 200 540 luerit.
215 490 278 539 156.

165 560 190 610 3.
216 557 270 612 Cic.
299 559 382 611 Broc.
401 561 456 611 107
488 556 521 610 D.
546 556 648 610 Brutus
681 555 717 611 M.
738 557 825 623 filius,
861 559 894 609 ut
922 573 956 610 ex
978 556 1112 610 familiari

40 677 41 681 ,
89 627 153 681 0100
167 627 198 682 L.
211 628 296 681 Accio
311 630 397 696 poeta
411 646 473 681 sum
488 627 586 682 audire
601 627 701 682 solitus
719 630 783 682 hirto
798 630 913 682 Accium
927 645 1011 696 00000
1030 629 1067 682 ad
1085 645 1111 681 a.

88 701 200 754 circiter
219 699 327 770 670784
345 700 386 754 oct
408 701 515 754 diutius
532 702 633 754 0101000
651 700 777 766 efficitur.
815 701 849 766 cf.
875 702 957 754 ctiam
982 701 1060 754 Vorr.
1080 701 1113 754 dc

89 771 180 840 antiq.
200 772 251 824 titt.
267 771 357 840 praef.

165 847 190 896 4.
211 843 265 897 cte.
285 843 317 896 dc
337 844 480 912 100.2,54
507 842 621 896 doctum
644 842 787 896 hominem
811 858 878 896 sane
902 843 952 912 [D.
968 843 1112 914 Brutina]7

88 912 173 967 cuius
191 912 248 967 fuit
265 913 367 967 Accius
386 913 585 983 perfamiliaris
605 914 811 979 ofitcst.3.17.

165 997 190 1047 5.
210 1011 236 1047 0.
252 993 368 1065 6141140
387 994 514 1060 fabulam
535 995 635 1048 docuit.
650 995 736 1061 0110.
755 999 799 1049 20.

165 1079 190 1127 6.
213 1074 266 1129 Cic.
281 1074 354 1127 Phil.
366 1079 391 1140 1,
402 1077 437 1128 36
451 1074 506 1127 0101
520 1073 592 1127 forte
607 1073 693 1126 Accio
707 1076 768 1126 tum
781 1072 881 1142 plaudi
896 1076 925 1128 et
939 1074 1112 1144 sexagesimo

88 1147 157 1213 post
182 1162 256 1198 anno
281 1144 406 1213 palmam
432 1145 506 1210 dari,
534 1162 590 1198 non
615 1144 701 1198 Bruto
726 1145 872 1213 putabatis
898 1163 959 1200 cam
985 1147 1050 1200 hoec
1075 1147 1113 1199 act

91 1213 217 1270 ‘Tereos’
233 1217 401 1286 tragoediam
411 1235 437 1270 0.
450 1217 549 1287 710144
563 1219 661 1270 iterum
676 1223 765 1270 actam
775 1219 942 1285 pertineant,
956 1218 1112 1287 06501104

89 1291 263 1356 caprimum
282 1288 350 1342 duta
368 1295 419 1354 cst,
438 1289 469 1339 ia
488 1289 547 1356 ipso
567 1289 647 1342 Accii
665 1289 786 1342 nominis
803 1290 875 1356 flore.

165 1371 189 1420 7.
211 1367 270 1421 Vol.
288 1369 368 1421 Mac.
385 1373 410 1433 3,
421 1372 446 1433 7,
457 1373 491 1421 11
510 1368 534 1421 is
551 1368 674 1438 [Accius]
690 1367 810 1420 -Iulio
826 1367 938 1421 Caesari
958 1368 1112 1438 [Stratoni]

89 1437 267 1506 amplissimo
283 1454 315 1492 ac
329 1439 525 1492 florentissimo
540 1440 599 1492 viro
612 1439 642 1491 in
652 1438 812 1508 conlegium
825 1441 973 1507 poetarum
988 1439 1101 1492 venient

88 1525 248 1578 numquam
271 1511 437 1576 adsurrexit,
461 1526 518 1562 non
536 1510 695 1564 maiestatis
715 1510 775 1564 eius
798 1510 943 1577 inmemor,
968 1511 1017 1563 sed
1037 1510 1112 1578 quod

90 1581 122 1633 in
132 1581 342 1649 comparatione
358 1581 549 1635 communium
564 1581 722 1635 studiorum
737 1581 883 1648 aliquanto
899 1599 927 1634 se
942 1581 1113 1650 superiorem

90 1668 155 1706 csse
175 1652 334 1706 confideret.

166 1727 193 1777 8.
214 1725 292 1778 Rhct.
312 1725 351 1779 cd
368 1723 435 1778 Her.
454 1729 485 1790 1,
498 1727 535 1777 24
553 1723 656 1776 mimus
675 1723 790 1791 quidam
809 1724 978 1777 nominatim
996 1724 1115 1777 Accium

90 1795 207 1863 poetam
240 1795 411 1863 conpellavit
443 1795 472 1848 in
505 1810 615 1848 scaena.
663 1812 727 1848 cum
755 1811 787 1848 eo
815 1795 917 1848 Accius
945 1794 1114 1848 iniuriarum

92 1866 163 1935 agit.
201 1865 248 1919 1110
266 1865 339 1919 nihil
358 1866 437 1920 uliud
457 1866 592 1925 defendit.
612 1866 667 1918 nisi
686 1867 770 1920 licere
787 1866 927 1919 nominari
942 1882 1014 1932 eum,
1034 1867 1114 1919 cuius

44 1995 48 2001 ,
90 1937 208 1990 nomine
231 1937 337 2006 scripta
359 1938 461 1991 dentur
479 1937 597 2008 agenda.
636 1938 673 1990 id.
688 1941 720 2003 2,
735 1943 770 1992 19
787 1937 817 1990 P.
832 1937 942 1990 Mucius
962 1954 1038 2004 eum,
1065 1938 1114 2006 qui

90 2008 122 2061 L.
137 2009 257 2062 Accium
274 2011 389 2078 poetam
407 2009 609 2075 nominaverat,
629 2009 835 2062 condemnavit.

166 2085 182 2132 2
203 2079 399 2147 caenaculum,
422 2097 454 2133 eo
474 2081 589 2150 Herbip.
610 2080 769 2135 caenaculo.
789 2080 862 2133 Eum
880 2079 959 2134 Leid.
980 2079 1113 2133 cenaculo

90 2152 286 2220 (caen-Coro.)
310 2168 379 2205 meo.
404 2153 445 2206 oct
468 2152 537 2217 eius,
563 2168 595 2205 00
615 2153 656 2206 oct
679 2169 743 2204 eum
766 2153 837 2206 0011..Ι
863 2169 910 2204 coc.
931 2151 1114 2205 Micutiorros

167 2235 192 2284 9,
215 2231 308 2300 Quint.
325 2236 406 2298 0313,
421 2236 457 2285 43
480 2232 561 2285 01001
579 2231 696 2285 Accium
714 2232 927 2301 interrogatum,
948 2248 997 2284 cur
1016 2248 1114 2284 causas

90 2320 149 2356 non
169 2303 273 2371 ageret,
294 2320 357 2356 cum
376 2303 453 2371 apud
472 2321 536 2356 eum
554 2303 584 2356 in
598 2303 753 2374 tragoediis
767 2305 849 2356 tanta
863 2303 904 2355 vis
919 2304 993 2357 esset
1007 2303 1114 2370 optime

88 2373 289 2442 respondendi,
308 2373 382 2427 hanc
397 2373 554 2429 reddidisse
572 2375 720 2441 rationem,
741 2375 817 2442 quod
831 2373 890 2427 11110
907 2390 940 2427 00
955 2374 1115 2427 dicerentur

89 2443 245 2568 0010010100
264 2445 357 2514 vellet,
377 2446 407 2498 in
426 2446 486 2499 foro
506 2446 610 2499 dicturi
629 2446 782 2499 adversarii
803 2447 896 2498 000001
911 2445 1113 2513 quaeminime

90 2533 125 2570 ve
152 2517 187 2570 et.

166 2592 208 2642 10.
231 2588 396 2655 Get.13,2
419 2587 520 2654 quibus
545 2588 634 2641 otium
658 2589 686 2640 01
710 2587 836 2640 studium
859 2586 915 2640 fuit
938 2588 1009 2639 vitas
1029 2589 1114 2654 atque

87 2661 200 2714 aetates
225 2658 371 2712 doctorum
389 2658 535 2712 hominum
554 2674 688 2726 quaerere
707 2675 740 2710 00
759 2658 910 2711 memoriae
929 2658 1054 2722 tradere,
1079 2659 1114 2711 de

88 2730 128 2784 M.
149 2729 271 2783 Pacuvio
301 2731 329 2784 et
356 2729 385 2783 L.
406 2729 491 2784 Accio
515 2730 630 2800 tragicis
655 2729 747 2798 poetis
770 2728 918 2782 historiam
942 2729 1115 2798 scripserunt

87 2800 298 2856 huiuscemodi:
329 2818 393 2854 cum
417 2800 568 2868 Pacuvius,
593 2801 738 2869 inquiunt,
762 2800 863 2870 grandi
887 2800 945 2854 iam
968 2803 1062 2855 aetate
1086 2803 1114 2855 01

87 2872 189 2926 morbo
223 2873 346 2942 corporis
380 2872 491 2926 diutino
525 2872 653 2926 adiectus
681 2872 833 2926 Tarentum
866 2888 900 2925 ex
929 2872 998 2926 urbe
1026 2873 1115 2927 Roma
1142 2892 1155 2932 5

88 2943 290 3009 concessisset,
322 2943 424 2997 Accius
452 2946 520 2997 tuno
546 2944 617 2997 haut
644 2961 730 3012 parvo
758 2943 851 2997 iunior
878 2944 1056 3012 proficiscens
1085 2943 1115 2996 in

88 3015 203 3082 Asiam,
237 3031 300 3068 cum
337 3015 367 3067 in
402 3015 538 3083 oppidum
572 3016 706 3082 venisset,
740 3015 860 3068 devertit
893 3016 928 3067 ad
961 3015 1115 3068 Pacuvium

88 3086 265 3154 comiterque
292 3086 428 3140 invitatus
452 3085 644 3155 plusculisque
669 3086 704 3140 ab
729 3104 762 3140 eo
786 3086 885 3139 diebus
908 3088 1034 3140 retentus
1057 3088 1115 3138 tra·

87 3157 227 3226 goediam
251 3172 344 3224 suam,
369 3158 414 3210 cui
432 3160 535 3211 Atreus
553 3174 655 3211 nomen
675 3161 725 3222 est,
746 3157 918 3210 desideranti
937 3157 1015 3227 legit.
1053 3159 1114 3209 tum

87 3228 247 3282 Pacuvium
271 3228 375 3282 dixisse
399 3229 480 3281 aiunt
499 3245 600 3282 sonora
624 3229 738 3296 quidem
758 3245 830 3291 0000,
856 3245 927 3295 quae
947 3228 1114 3297 scripsisset,
1129 3239 1156 3278 10

89 3303 120 3354 01
145 3299 278 3369 grandia,
303 3300 352 3354 sed
375 3300 465 3353 videri
483 3302 577 3354 tamen
598 3316 630 3354 00
649 3301 704 3353 sibi
724 3300 836 3353 duriora
855 3299 972 3368 paulum
991 3301 1019 3352 et
1038 3315 1114 3353 acer-

89 3372 180 3426 biora.
222 3370 265 3424 ita
293 3372 349 3439 001,
377 3371 471 3439 inquit
493 3371 609 3436 Accius,
637 3372 680 3423 uti
704 3371 783 3437 dicis,
812 3387 903 3436 00000
926 3371 956 3423 id
979 3387 1024 3424 me
1048 3386 1114 3424 0000

87 3443 231 3512 paenitet,
265 3441 382 3496 meliora
410 3443 483 3495 enirn
512 3441 571 3496 iore
600 3459 695 3514 spero,
725 3459 800 3515 0000
828 3443 967 3514 deinceps
993 3441 1131 3496 00011010.

83 3530 153 3566 nam
175 3513 253 3577 qnod
271 3513 302 3562 in
320 3513 428 3580 pomis,
457 3513 573 3582 itidem,
604 3517 717 3590 inquit,
743 3536 808 3576 0000
831 3519 920 3575 aiunt
942 3510 1163 3583 1010000110,

72 3595 149 3644 quac
171 3580 242 3630 dura
265 3581 296 3632 et
316 3583 422 3637 acerba
445 3593 623 3662 nascuntur,
651 3598 724 3666 post
748 3595 830 3652 fiunt
846 3594 941 3651 1111110
961 3592 993 3646 01
1014 3578 1188 3640 'iucunda'⁴
